{"Exchange": "poloniex", "Pair": "BTC_STR", "Kind": "Arbitrage", "Type": "sell", "OrderID": "81447643916", "Price": "0.00003131", "Qty": "492.00", "Timestamp": 1530891100.8472028, "Expires": 1530891278.8472028}
{"Exchange": "cex", "Pair": "XLM/BTC", "Kind": "Arbitrage", "Type": "buy", "OrderID": "6612588597", "Price": "0.00003118", "Qty": "492", "Timestamp": 1530891101.29972, "Expires": 0}
{"Exchange": "cex", "Pair": "XLM/BTC", "Kind": "Arbitrage", "Type": "sell", "OrderID": "6618964172", "Price": "0.00003112", "Qty": "442", "Timestamp": 1530957297.0256417, "Expires": 1530957452.0256417}
{"Exchange": "poloniex", "Pair": "BTC_STR", "Kind": "Arbitrage", "Type": "buy", "OrderID": "81518765723", "Price": "0.00003097", "Qty": "442.34", "Timestamp": 1530957297.327342, "Expires": 0}
{"Exchange": "poloniex", "Pair": "BTC_STR", "Kind": "Arbitrage", "Type": "sell", "OrderID": "81534836636", "Price": "0.00003080", "Qty": "358.00", "Timestamp": 1530971538.4637105, "Expires": 1530971772.4637105}
{"Exchange": "cex", "Pair": "XLM/BTC", "Kind": "Arbitrage", "Type": "buy", "OrderID": "6620380507", "Price": "0.00003064", "Qty": "358", "Timestamp": 1530971538.892943, "Expires": 0}
{"Exchange": "poloniex", "Pair": "BTC_STR", "Kind": "Arbitrage", "Type": "sell", "OrderID": "81534840632", "Price": "0.00003080", "Qty": "358.00", "Timestamp": 1530971539.4939423, "Expires": 1530971760.4939423}
{"Exchange": "cex", "Pair": "XLM/BTC", "Kind": "Arbitrage", "Type": "buy", "OrderID": "6620380635", "Price": "0.00003064", "Qty": "358", "Timestamp": 1530971539.9779665, "Expires": 0}
{"Exchange": "cex", "Pair": "XLM/BTC", "Kind": "Arbitrage", "Type": "sell", "OrderID": "6622929298", "Price": "0.00003065", "Qty": "70", "Timestamp": 1530998431.4370592, "Expires": 1530998729.4370592}
{"Exchange": "poloniex", "Pair": "BTC_STR", "Kind": "Arbitrage", "Type": "buy", "OrderID": "81556891559", "Price": "0.00003049", "Qty": "70.00", "Timestamp": 1530998431.7424798, "Expires": 0}
{"Exchange": "cex", "Pair": "XLM/BTC", "Kind": "Arbitrage", "Type": "sell", "OrderID": "6623001220", "Price": "0.00003050", "Qty": "98", "Timestamp": 1530999368.640532, "Expires": 1530999583.640532}
{"Exchange": "poloniex", "Pair": "BTC_STR", "Kind": "Arbitrage", "Type": "buy", "OrderID": "81558416033", "Price": "0.00003027", "Qty": "98.00", "Timestamp": 1530999369.7974954, "Expires": 0}
{"Exchange": "cex", "Pair": "XLM/BTC", "Kind": "Arbitrage", "Type": "sell", "OrderID": "6631183850", "Price": "0.00003184", "Qty": "373.1168682", "Timestamp": 1531088999.072512, "Expires": 1531089277.072512}
{"Exchange": "poloniex", "Pair": "BTC_STR", "Kind": "Arbitrage", "Type": "buy", "OrderID": "81645860501", "Price": "0.00003170", "Qty": "373.11", "Timestamp": 1531088999.4043393, "Expires": 0}
{"Exchange": "poloniex", "Pair": "BTC_STR", "Kind": "Arbitrage", "Type": "sell", "OrderID": "81666585755", "Price": "0.00003120", "Qty": "97.00", "Timestamp": 1531106329.8697531, "Expires": 1531106548.8697531}
{"Exchange": "cex", "Pair": "XLM/BTC", "Kind": "Arbitrage", "Type": "buy", "OrderID": "6632836149", "Price": "0.00003107", "Qty": "97", "Timestamp": 1531106330.3424501, "Expires": 0}
{"Exchange": "poloniex", "Pair": "BTC_STR", "Kind": "Arbitrage", "Type": "sell", "OrderID": "81666598742", "Price": "0.00003120", "Qty": "73.00", "Timestamp": 1531106342.7398424, "Expires": 1531106594.7398424}
{"Exchange": "cex", "Pair": "XLM/BTC", "Kind": "Arbitrage", "Type": "buy", "OrderID": "6632837358", "Price": "0.00003106", "Qty": "73", "Timestamp": 1531106343.2191849, "Expires": 0}
{"Exchange": "poloniex", "Pair": "BTC_STR", "Kind": "Arbitrage", "Type": "sell", "OrderID": "81666645695", "Price": "0.00003120", "Qty": "671.73", "Timestamp": 1531106369.891629, "Expires": 1531106593.891629}
{"Exchange": "cex", "Pair": "XLM/BTC", "Kind": "Arbitrage", "Type": "buy", "OrderID": "6632839705", "Price": "0.00003105", "Qty": "671", "Timestamp": 1531106370.3613026, "Expires": 0}
{"Exchange": "poloniex", "Pair": "BTC_STR", "Kind": "Arbitrage", "Type": "sell", "OrderID": "81679486841", "Price": "0.00003167", "Qty": "382.00", "Timestamp": 1531116635.526919, "Expires": 1531116911.526919}
{"Exchange": "cex", "Pair": "XLM/BTC", "Kind": "Arbitrage", "Type": "buy", "OrderID": "6633770520", "Price": "0.00003154", "Qty": "382", "Timestamp": 1531116635.9736288, "Expires": 0}
{"Exchange": "poloniex", "Pair": "BTC_STR", "Kind": "Arbitrage", "Type": "sell", "OrderID": "81691400915", "Price": "0.00003159", "Qty": "1169.00", "Timestamp": 1531128238.6662931, "Expires": 1531128476.6662931}
{"Exchange": "cex", "Pair": "XLM/BTC", "Kind": "Arbitrage", "Type": "buy", "OrderID": "6634778559", "Price": "0.00003140", "Qty": "1169", "Timestamp": 1531128239.133155, "Expires": 0}
{"Exchange": "cex", "Pair": "DASH/BTC", "Kind": "Arbitrage", "Type": "sell", "OrderID": "6636679088", "Price": "0.035124", "Qty": "0.086", "Timestamp": 1531149485.4467463, "Expires": 1531149720.4467463}
{"Exchange": "poloniex", "Pair": "BTC_DASH", "Kind": "Arbitrage", "Type": "buy", "OrderID": "182500720620", "Price": "0.034940", "Qty": "0.0860", "Timestamp": 1531149485.8536735, "Expires": 0}
{"Exchange": "cex", "Pair": "DASH/BTC", "Kind": "Arbitrage", "Type": "sell", "OrderID": "6636679179", "Price": "0.035124", "Qty": "0.086", "Timestamp": 1531149486.6368232, "Expires": 1531149649.6368232}
{"Exchange": "poloniex", "Pair": "BTC_DASH", "Kind": "Arbitrage", "Type": "buy", "OrderID": "182500726614", "Price": "0.034940", "Qty": "0.0860", "Timestamp": 1531149487.1877081, "Expires": 0}
{"Exchange": "poloniex", "Pair": "BTC_DASH", "Kind": "Arbitrage", "Type": "sell", "OrderID": "182504524812", "Price": "0.037060", "Qty": "0.17189588", "Timestamp": 1531151021.0602324, "Expires": 1531151275.0602324}
{"Exchange": "cex", "Pair": "XLM/BTC", "Kind": "Arbitrage", "Type": "sell", "OrderID": "6639578072", "Price": "0.00003102", "Qty": "70", "Timestamp": 1531180832.5849001, "Expires": 1531181032.5849001}
{"Exchange": "poloniex", "Pair": "BTC_STR", "Kind": "Arbitrage", "Type": "buy", "OrderID": "81743097167", "Price": "0.00003089", "Qty": "70.00", "Timestamp": 1531180832.8777554, "Expires": 0}
{"Exchange": "cex", "Pair": "XLM/BTC", "Kind": "Arbitrage", "Type": "sell", "OrderID": "6640302823", "Price": "0.00003071", "Qty": "827", "Timestamp": 1531188715.3058286, "Expires": 1531188925.3058286}
{"Exchange": "poloniex", "Pair": "BTC_STR", "Kind": "Arbitrage", "Type": "buy", "OrderID": "81752138117", "Price": "0.00003054", "Qty": "827.00", "Timestamp": 1531188715.6470656, "Expires": 0}
{"Exchange": "cex", "Pair": "XLM/BTC", "Kind": "Arbitrage", "Type": "sell", "OrderID": "6640302921", "Price": "0.00003071", "Qty": "326.0", "Timestamp": 1531188716.3953705, "Expires": 1531188996.3953705}
{"Exchange": "poloniex", "Pair": "BTC_STR", "Kind": "Arbitrage", "Type": "buy", "OrderID": "81752142113", "Price": "0.00003054", "Qty": "326.00", "Timestamp": 1531188716.8319137, "Expires": 0}
{"Exchange": "poloniex", "Pair": "BTC_STR", "Kind": "Arbitrage", "Type": "sell", "OrderID": "81780254972", "Price": "0.00003066", "Qty": "640.00", "Timestamp": 1531212846.8674228, "Expires": 1531213103.8674228}
{"Exchange": "cex", "Pair": "XLM/BTC", "Kind": "Arbitrage", "Type": "buy", "OrderID": "6642562850", "Price": "0.00003048", "Qty": "640", "Timestamp": 1531212847.2502484, "Expires": 0}
{"Exchange": "cex", "Pair": "XLM/BTC", "Kind": "Arbitrage", "Type": "sell", "OrderID": "6642563041", "Price": "0.00003048", "Qty": "144", "Timestamp": 1531212849.1944919, "Expires": 1531213064.1944919}
{"Exchange": "poloniex", "Pair": "BTC_STR", "Kind": "Arbitrage", "Type": "buy", "OrderID": "81780296930", "Price": "0.00003030", "Qty": "144.00", "Timestamp": 1531212849.727441, "Expires": 0}
{"Exchange": "cex", "Pair": "XLM/BTC", "Kind": "Arbitrage", "Type": "sell", "OrderID": "6643501816", "Price": "0.00003021", "Qty": "70", "Timestamp": 1531222044.4027922, "Expires": 1531222235.4027922}
{"Exchange": "poloniex", "Pair": "BTC_STR", "Kind": "Arbitrage", "Type": "buy", "OrderID": "81790174043", "Price": "0.00003006", "Qty": "70.00", "Timestamp": 1531222044.70473, "Expires": 0}
{"Exchange": "cex", "Pair": "XLM/BTC", "Kind": "Arbitrage", "Type": "sell", "OrderID": "6643584718", "Price": "0.00003025", "Qty": "261", "Timestamp": 1531222771.4485817, "Expires": 1531223015.4485817}
{"Exchange": "poloniex", "Pair": "BTC_STR", "Kind": "Arbitrage", "Type": "buy", "OrderID": "81791146070", "Price": "0.00003012", "Qty": "261.00", "Timestamp": 1531222771.7996864, "Expires": 0}
{"Exchange": "cex", "Pair": "DASH/BTC", "Kind": "Arbitrage", "Type": "sell", "OrderID": "6643906172", "Price": "0.034824", "Qty": "0.215", "Timestamp": 1531225525.8371356, "Expires": 1531225761.8371356}
{"Exchange": "poloniex", "Pair": "BTC_DASH", "Kind": "Arbitrage", "Type": "buy", "OrderID": "182662905273", "Price": "0.034676", "Qty": "0.2154", "Timestamp": 1531225526.1300266, "Expires": 0}
{"Exchange": "cex", "Pair": "DASH/BTC", "Kind": "Arbitrage", "Type": "sell", "OrderID": "6643906286", "Price": "0.034824", "Qty": "0.215", "Timestamp": 1531225526.8523028, "Expires": 1531225794.8523028}
{"Exchange": "poloniex", "Pair": "BTC_DASH", "Kind": "Arbitrage", "Type": "buy", "OrderID": "182662910268", "Price": "0.034676", "Qty": "0.2154", "Timestamp": 1531225527.1655538, "Expires": 0}
{"Exchange": "poloniex", "Pair": "BTC_DASH", "Kind": "Arbitrage", "Type": "sell", "OrderID": "182662911267", "Price": "0.037060", "Qty": "0.2149692", "Timestamp": 1531225527.515123, "Expires": 1531225765.515123}
{"Exchange": "cex", "Pair": "DASH/BTC", "Kind": "Arbitrage", "Type": "buy", "OrderID": "6643906379", "Price": "0.034847", "Qty": "0.214", "Timestamp": 1531225527.938583, "Expires": 0}
{"Exchange": "cex", "Pair": "DASH/BTC", "Kind": "Arbitrage", "Type": "sell", "OrderID": "6643906425", "Price": "0.034824", "Qty": "0.215", "Timestamp": 1531225528.3753543, "Expires": 1531225723.3753543}
{"Exchange": "poloniex", "Pair": "BTC_DASH", "Kind": "Arbitrage", "Type": "buy", "OrderID": "182662915263", "Price": "0.034676", "Qty": "0.2154", "Timestamp": 1531225528.6820428, "Expires": 0}
{"Exchange": "poloniex", "Pair": "BTC_DASH", "Kind": "Arbitrage", "Type": "sell", "OrderID": "182662936242", "Price": "0.037060", "Qty": "0.0930", "Timestamp": 1531225536.8852482, "Expires": 1531225720.8852482}
{"Exchange": "cex", "Pair": "DASH/BTC", "Kind": "Arbitrage", "Type": "buy", "OrderID": "6643907290", "Price": "0.034824", "Qty": "0.093", "Timestamp": 1531225537.515851, "Expires": 0}
{"Exchange": "poloniex", "Pair": "BTC_DASH", "Kind": "Arbitrage", "Type": "sell", "OrderID": "182662952226", "Price": "0.037060", "Qty": "0.33754151", "Timestamp": 1531225546.081314, "Expires": 1531225799.081314}
{"Exchange": "cex", "Pair": "DASH/BTC", "Kind": "Arbitrage", "Type": "buy", "OrderID": "6643908197", "Price": "0.034821", "Qty": "0.337", "Timestamp": 1531225546.5664473, "Expires": 0}
{"Exchange": "cex", "Pair": "XLM/BTC", "Kind": "Arbitrage", "Type": "sell", "OrderID": "6644676318", "Price": "0.00003048", "Qty": "70", "Timestamp": 1531233727.4300845, "Expires": 1531234016.4300845}
{"Exchange": "poloniex", "Pair": "BTC_STR", "Kind": "Arbitrage", "Type": "buy", "OrderID": "81804040163", "Price": "0.00003034", "Qty": "70.00", "Timestamp": 1531233728.007423, "Expires": 0}
{"Exchange": "cex", "Pair": "XLM/BTC", "Kind": "Arbitrage", "Type": "sell", "OrderID": "6647593374", "Price": "0.00003049", "Qty": "308.6512194", "Timestamp": 1531264922.6700103, "Expires": 1531265218.6700103}
{"Exchange": "poloniex", "Pair": "BTC_STR", "Kind": "Arbitrage", "Type": "buy", "OrderID": "81834934238", "Price": "0.00003036", "Qty": "308.65", "Timestamp": 1531264922.9977303, "Expires": 0}
{"Exchange": "poloniex", "Pair": "BTC_STR", "Kind": "Arbitrage", "Type": "sell", "OrderID": "81925331750", "Price": "0.00002975", "Qty": "200.00", "Timestamp": 1531343970.6964014, "Expires": 1531344158.6964014}
{"Exchange": "cex", "Pair": "XLM/BTC", "Kind": "Arbitrage", "Type": "buy", "OrderID": "6654822051", "Price": "0.00002948", "Qty": "200", "Timestamp": 1531343971.1570158, "Expires": 0}
{"Exchange": "poloniex", "Pair": "BTC_STR", "Kind": "Arbitrage", "Type": "sell", "OrderID": "81925469612", "Price": "0.00002985", "Qty": "625.00", "Timestamp": 1531344004.4964979, "Expires": 1531344156.4964979}
{"Exchange": "cex", "Pair": "XLM/BTC", "Kind": "Arbitrage", "Type": "buy", "OrderID": "6654824334", "Price": "0.00002956", "Qty": "625", "Timestamp": 1531344005.026664, "Expires": 0}
{"Exchange": "poloniex", "Pair": "BTC_STR", "Kind": "Arbitrage", "Type": "sell", "OrderID": "82071199736", "Price": "0.00003036", "Qty": "5973.03525481", "Timestamp": 1531512418.1414518, "Expires": 1531512628.1414518}
{"Exchange": "cex", "Pair": "XLM/BTC", "Kind": "Arbitrage", "Type": "buy", "OrderID": "6669435594", "Price": "0.00003017", "Qty": "5973", "Timestamp": 1531512418.5789149, "Expires": 0}
{"Exchange": "bittrex", "Pair": "BTC-XLM", "Kind": "Arbitrage", "Type": "sell", "OrderID": "9cdaf584-6018-49f2-8227-d84e0377b27d", "Price": "0.0000323", "Qty": "352.000", "Timestamp": 1536716778.4727104, "Expires": 1536717005.4727104}
{"Exchange": "cex", "Pair": "XLM/BTC", "Kind": "Arbitrage", "Type": "buy", "OrderID": "7083275014", "Price": "0.00003220", "Qty": "352", "Timestamp": 1536716778.6910634, "Expires": 0}
{"Exchange": "cex", "Pair": "DASH/BTC", "Kind": "Arbitrage", "Type": "sell", "OrderID": "7083690191", "Price": "0.029000", "Qty": "0.064", "Timestamp": 1536722527.2197425, "Expires": 1536722782.2197425}
{"Exchange": "bittrex", "Pair": "BTC-DASH", "Kind": "Arbitrage", "Type": "buy", "OrderID": "a09341f8-565a-438a-a285-7038f591c914", "Price": "0.028830", "Qty": "0.064", "Timestamp": 1536722527.3739626, "Expires": 0}
{"Exchange": "cex", "Pair": "XLM/BTC", "Kind": "Arbitrage", "Type": "sell", "OrderID": "7084571515", "Price": "0.00003090", "Qty": "309", "Timestamp": 1536732617.6774516, "Expires": 1536732890.6774516}
{"Exchange": "bittrex", "Pair": "BTC-XLM", "Kind": "Arbitrage", "Type": "buy", "OrderID": "9d036954-4ff4-4649-8adb-f0986d3b1d27", "Price": "0.0000307", "Qty": "309.000", "Timestamp": 1536732617.8143241, "Expires": 0}
{"Exchange": "bittrex", "Pair": "BTC-ETH", "Kind": "Arbitrage", "Type": "sell", "OrderID": "d3dafd4b-fa11-4c20-91bb-d7504286f6d8", "Price": "0.027344", "Qty": "0.130", "Timestamp": 1536736779.3942244, "Expires": 1536736994.3942244}
{"Exchange": "bittrex", "Pair": "BTC-XLM", "Kind": "Arbitrage", "Type": "sell", "OrderID": "1a8156ec-4f4e-4000-844f-0eefadcb32ff", "Price": "0.0000301", "Qty": "99.201", "Timestamp": 1536746771.4002972, "Expires": 1536746952.4002972}
{"Exchange": "cex", "Pair": "XLM/BTC", "Kind": "Arbitrage", "Type": "buy", "OrderID": "7085923363", "Price": "0.00003000", "Qty": "99", "Timestamp": 1536746771.87999, "Expires": 0}
{"Exchange": "cex", "Pair": "XLM/BTC", "Kind": "Arbitrage", "Type": "sell", "OrderID": "7086021057", "Price": "0.00003030", "Qty": "463", "Timestamp": 1536747816.8448465, "Expires": 1536748002.8448465}
{"Exchange": "bittrex", "Pair": "BTC-XLM", "Kind": "Arbitrage", "Type": "buy", "OrderID": "ba238655-acc6-4436-a33f-6330f7881f4c", "Price": "0.0000301", "Qty": "463.000", "Timestamp": 1536747817.009808, "Expires": 0}
{"Exchange": "cex", "Pair": "DASH/BTC", "Kind": "Arbitrage", "Type": "sell", "OrderID": "7086148399", "Price": "0.028121", "Qty": "0.049", "Timestamp": 1536749343.2347813, "Expires": 1536749518.2347813}
{"Exchange": "bittrex", "Pair": "BTC-DASH", "Kind": "Arbitrage", "Type": "buy", "OrderID": "e966b37b-6cef-4706-b33a-3e2b16b4cc97", "Price": "0.028000", "Qty": "0.049", "Timestamp": 1536749343.3924966, "Expires": 0}
{"Exchange": "cex", "Pair": "XLM/BTC", "Kind": "Arbitrage", "Type": "sell", "OrderID": "7086478819", "Price": "0.00003030", "Qty": "649", "Timestamp": 1536753969.2448444, "Expires": 1536754175.2448444}
{"Exchange": "bittrex", "Pair": "BTC-XLM", "Kind": "Arbitrage", "Type": "buy", "OrderID": "236eba2e-4ea6-4bc9-b29e-3d7944ad17da", "Price": "0.0000300", "Qty": "649.000", "Timestamp": 1536753969.3990288, "Expires": 0}
{"Exchange": "cex", "Pair": "XLM/BTC", "Kind": "Arbitrage", "Type": "sell", "OrderID": "7086480185", "Price": "0.00003020", "Qty": "99", "Timestamp": 1536753999.4715254, "Expires": 1536754215.4715254}
{"Exchange": "cex", "Pair": "XLM/BTC", "Kind": "Arbitrage", "Type": "sell", "OrderID": "7086480284", "Price": "0.00003020", "Qty": "99", "Timestamp": 1536754001.892242, "Expires": 1536754224.892242}
{"Exchange": "cex", "Pair": "XLM/BTC", "Kind": "Arbitrage", "Type": "sell", "OrderID": "7086484907", "Price": "0.00003020", "Qty": "99", "Timestamp": 1536754092.707497, "Expires": 1536754320.707497}
{"Exchange": "bittrex", "Pair": "BTC-DASH", "Kind": "Arbitrage", "Type": "sell", "OrderID": "2856705b-34e0-4a90-82f8-6f6d8b7db9a0", "Price": "0.027941", "Qty": "0.113", "Timestamp": 1536755586.591071, "Expires": 1536755820.591071}
{"Exchange": "cex", "Pair": "DASH/BTC", "Kind": "Arbitrage", "Type": "buy", "OrderID": "7086580921", "Price": "0.027821", "Qty": "0.113", "Timestamp": 1536755586.8344474, "Expires": 0}
{"Exchange": "bittrex", "Pair": "BTC-DASH", "Kind": "Arbitrage", "Type": "sell", "OrderID": "22b7a49c-f86d-4743-b6da-54e9bfaac066", "Price": "0.027941", "Qty": "0.113", "Timestamp": 1536755852.3885293, "Expires": 1536756046.3885293}
{"Exchange": "cex", "Pair": "DASH/BTC", "Kind": "Arbitrage", "Type": "buy", "OrderID": "7086604885", "Price": "0.027731", "Qty": "0.113", "Timestamp": 1536755852.5839157, "Expires": 0}
{"Exchange": "bittrex", "Pair": "BTC-DASH", "Kind": "Arbitrage", "Type": "sell", "OrderID": "6b8f01d7-ece2-48fc-a72e-3c2ed58c6ecf", "Price": "0.027941", "Qty": "0.113", "Timestamp": 1536756089.5905588, "Expires": 1536756272.5905588}
{"Exchange": "cex", "Pair": "DASH/BTC", "Kind": "Arbitrage", "Type": "buy", "OrderID": "7086627268", "Price": "0.027621", "Qty": "0.113", "Timestamp": 1536756090.0586722, "Expires": 0}
{"Exchange": "bittrex", "Pair": "BTC-DASH", "Kind": "Arbitrage", "Type": "sell", "OrderID": "230a67ec-5373-4c14-941f-c05e39d17500", "Price": "0.027941", "Qty": "0.113", "Timestamp": 1536756324.3853798, "Expires": 1536756609.3853798}
{"Exchange": "cex", "Pair": "DASH/BTC", "Kind": "Arbitrage", "Type": "buy", "OrderID": "7086651127", "Price": "0.027605", "Qty": "0.113", "Timestamp": 1536756324.5709066, "Expires": 0}
{"Exchange": "bittrex", "Pair": "BTC-DASH", "Kind": "Arbitrage", "Type": "sell", "OrderID": "2f5633b7-1001-421e-b7c6-1b8901b129de", "Price": "0.027941", "Qty": "0.113", "Timestamp": 1536756642.5874276, "Expires": 1536756877.5874276}
{"Exchange": "cex", "Pair": "DASH/BTC", "Kind": "Arbitrage", "Type": "buy", "OrderID": "7086680185", "Price": "0.027738", "Qty": "0.113", "Timestamp": 1536756642.842179, "Expires": 0}
{"Exchange": "bittrex", "Pair": "BTC-DASH", "Kind": "Arbitrage", "Type": "sell", "OrderID": "815751f4-9cd0-42df-8c7b-e7a1d9986b26", "Price": "0.027941", "Qty": "0.113", "Timestamp": 1536756912.2064779, "Expires": 1536757130.2064779}
{"Exchange": "cex", "Pair": "DASH/BTC", "Kind": "Arbitrage", "Type": "buy", "OrderID": "7086704163", "Price": "0.027695", "Qty": "0.113", "Timestamp": 1536756912.4455073, "Expires": 0}
{"Exchange": "bittrex", "Pair": "BTC-DASH", "Kind": "Arbitrage", "Type": "sell", "OrderID": "6f92befc-680d-4246-bbe8-f2f2284ecdfe", "Price": "0.027941", "Qty": "0.113", "Timestamp": 1536757175.971143, "Expires": 1536757419.971143}
{"Exchange": "cex", "Pair": "DASH/BTC", "Kind": "Arbitrage", "Type": "buy", "OrderID": "7086726736", "Price": "0.027660", "Qty": "0.113", "Timestamp": 1536757176.2221751, "Expires": 0}
{"Exchange": "bittrex", "Pair": "BTC-DASH", "Kind": "Arbitrage", "Type": "sell", "OrderID": "4868855d-211b-412e-b3dd-13aed9c490a5", "Price": "0.027941", "Qty": "0.113", "Timestamp": 1536757456.8133404, "Expires": 1536757652.8133404}
{"Exchange": "cex", "Pair": "DASH/BTC", "Kind": "Arbitrage", "Type": "buy", "OrderID": "7086748465", "Price": "0.027621", "Qty": "0.113", "Timestamp": 1536757457.0183728, "Expires": 0}
{"Exchange": "bittrex", "Pair": "BTC-DASH", "Kind": "Arbitrage", "Type": "sell", "OrderID": "511fc5c2-85f6-41e2-a392-ae8c2274638c", "Price": "0.027941", "Qty": "0.113", "Timestamp": 1536757704.99008, "Expires": 1536757979.99008}
{"Exchange": "cex", "Pair": "DASH/BTC", "Kind": "Arbitrage", "Type": "buy", "OrderID": "7086767705", "Price": "0.027618", "Qty": "0.113", "Timestamp": 1536757705.1814294, "Expires": 0}
{"Exchange": "bittrex", "Pair": "BTC-XRP", "Kind": "Arbitrage", "Type": "sell", "OrderID": "fca3bbae-5804-406c-b685-80a435975ac3", "Price": "0.00004155", "Qty": "1468", "Timestamp": 1536757841.781348, "Expires": 1536758053.781348}
{"Exchange": "cex", "Pair": "XRP/BTC", "Kind": "Arbitrage", "Type": "buy", "OrderID": "7086780911", "Price": "0.00004137", "Qty": "1468", "Timestamp": 1536757842.2596834, "Expires": 0}
{"Exchange": "bittrex", "Pair": "BTC-DASH", "Kind": "Arbitrage", "Type": "sell", "OrderID": "9fa59097-99ce-4f05-9a10-77ec11b6e06f", "Price": "0.027941", "Qty": "0.113", "Timestamp": 1536758023.0541635, "Expires": 1536758260.0541635}
{"Exchange": "cex", "Pair": "DASH/BTC", "Kind": "Arbitrage", "Type": "buy", "OrderID": "7086795760", "Price": "0.027618", "Qty": "0.113", "Timestamp": 1536758023.5583198, "Expires": 0}
{"Exchange": "bittrex", "Pair": "BTC-DASH", "Kind": "Arbitrage", "Type": "sell", "OrderID": "09eacb9b-0d8d-436d-90b8-f8ac22f70cad", "Price": "0.027941", "Qty": "0.113", "Timestamp": 1536764479.6385562, "Expires": 1536764717.6385562}
{"Exchange": "cex", "Pair": "DASH/BTC", "Kind": "Arbitrage", "Type": "buy", "OrderID": "7087362810", "Price": "0.027823", "Qty": "0.113", "Timestamp": 1536764479.881053, "Expires": 0}
{"Exchange": "bittrex", "Pair": "BTC-DASH", "Kind": "Arbitrage", "Type": "sell", "OrderID": "90316535-79f9-47ce-8f8b-697da649b3ae", "Price": "0.027941", "Qty": "0.113", "Timestamp": 1536764749.9999557, "Expires": 1536765000.9999557}
{"Exchange": "cex", "Pair": "DASH/BTC", "Kind": "Arbitrage", "Type": "buy", "OrderID": "7087384508", "Price": "0.027808", "Qty": "0.113", "Timestamp": 1536764750.2179847, "Expires": 0}
{"Exchange": "bittrex", "Pair": "BTC-DASH", "Kind": "Arbitrage", "Type": "sell", "OrderID": "caa2cc2f-4b41-418f-b169-42ee01924358", "Price": "0.027941", "Qty": "0.113", "Timestamp": 1536765035.771349, "Expires": 1536765252.771349}
{"Exchange": "cex", "Pair": "DASH/BTC", "Kind": "Arbitrage", "Type": "buy", "OrderID": "7087406607", "Price": "0.027795", "Qty": "0.113", "Timestamp": 1536765036.219276, "Expires": 0}
{"Exchange": "bittrex", "Pair": "BTC-DASH", "Kind": "Arbitrage", "Type": "sell", "OrderID": "4fa16800-a648-4493-a911-cd5216f80522", "Price": "0.027941", "Qty": "0.113", "Timestamp": 1536765287.8524241, "Expires": 1536765547.8524241}
{"Exchange": "cex", "Pair": "DASH/BTC", "Kind": "Arbitrage", "Type": "buy", "OrderID": "7087420166", "Price": "0.027706", "Qty": "0.113", "Timestamp": 1536765288.1229308, "Expires": 0}
{"Exchange": "bittrex", "Pair": "BTC-DASH", "Kind": "Arbitrage", "Type": "sell", "OrderID": "a8c3e008-ef79-44dc-8cbe-5739026333c1", "Price": "0.027941", "Qty": "0.113", "Timestamp": 1536765588.5912306, "Expires": 1536765743.5912306}
{"Exchange": "cex", "Pair": "DASH/BTC", "Kind": "Arbitrage", "Type": "buy", "OrderID": "7087446152", "Price": "0.027702", "Qty": "0.113", "Timestamp": 1536765588.7957857, "Expires": 0}
{"Exchange": "bittrex", "Pair": "BTC-DASH", "Kind": "Arbitrage", "Type": "sell", "OrderID": "cd99361b-a0bf-4ef0-b19a-2de06e8b723a", "Price": "0.027941", "Qty": "0.113", "Timestamp": 1536765792.217619, "Expires": 1536766061.217619}
{"Exchange": "cex", "Pair": "DASH/BTC", "Kind": "Arbitrage", "Type": "buy", "OrderID": "7087462978", "Price": "0.027702", "Qty": "0.113", "Timestamp": 1536765792.4022126, "Expires": 0}
{"Exchange": "bittrex", "Pair": "BTC-DASH", "Kind": "Arbitrage", "Type": "sell", "OrderID": "8ded25ce-2879-43d9-b93f-1850fdbbcf47", "Price": "0.027941", "Qty": "0.113", "Timestamp": 1536766093.4224966, "Expires": 1536766370.4224966}
{"Exchange": "cex", "Pair": "DASH/BTC", "Kind": "Arbitrage", "Type": "buy", "OrderID": "7087483686", "Price": "0.027702", "Qty": "0.113", "Timestamp": 1536766093.8678288, "Expires": 0}
{"Exchange": "bittrex", "Pair": "BTC-XLM", "Kind": "Arbitrage", "Type": "sell", "OrderID": "eb298fc3-3160-461f-8d14-1f6c698d349e", "Price": "0.0000317", "Qty": "237.910", "Timestamp": 1536768459.6105466, "Expires": 1536768701.6105466}
{"Exchange": "cex", "Pair": "XLM/BTC", "Kind": "Arbitrage", "Type": "buy", "OrderID": "7087670919", "Price": "0.00003150", "Qty": "237", "Timestamp": 1536768459.8803253, "Expires": 0}
{"Exchange": "bittrex", "Pair": "BTC-XLM", "Kind": "Arbitrage", "Type": "sell", "OrderID": "0f1856fe-4311-46de-af1a-6c2ce9e5092d", "Price": "0.0000323", "Qty": "338.000", "Timestamp": 1536769239.7838676, "Expires": 1536769490.7838676}
{"Exchange": "cex", "Pair": "XLM/BTC", "Kind": "Arbitrage", "Type": "buy", "OrderID": "7087743387", "Price": "0.00003220", "Qty": "338", "Timestamp": 1536769240.0178971, "Expires": 0}
{"Exchange": "bittrex", "Pair": "BTC-XLM", "Kind": "Arbitrage", "Type": "sell", "OrderID": "0e44afaa-e666-4fa5-a6cf-eff18fe71b25", "Price": "0.0000323", "Qty": "672.000", "Timestamp": 1536769263.8466156, "Expires": 1536769416.8466156}
{"Exchange": "bittrex", "Pair": "BTC-XLM", "Kind": "Arbitrage", "Type": "sell", "OrderID": "80c1d817-5f11-48c1-b0a3-78e92d4c8d50", "Price": "0.0000323", "Qty": "672.000", "Timestamp": 1536769264.9883711, "Expires": 1536769532.9883711}
{"Exchange": "cex", "Pair": "XLM/BTC", "Kind": "Arbitrage", "Type": "buy", "OrderID": "7087745398", "Price": "0.00003220", "Qty": "672", "Timestamp": 1536769265.1819167, "Expires": 0}
{"Exchange": "bittrex", "Pair": "BTC-DASH", "Kind": "Arbitrage", "Type": "sell", "OrderID": "7935ee77-9e56-49cf-82f6-fd3993d6e1fa", "Price": "0.027941", "Qty": "0.113", "Timestamp": 1536769765.2256303, "Expires": 1536770024.2256303}
{"Exchange": "cex", "Pair": "DASH/BTC", "Kind": "Arbitrage", "Type": "buy", "OrderID": "7087785847", "Price": "0.027692", "Qty": "0.113", "Timestamp": 1536769765.7147179, "Expires": 0}
{"Exchange": "bittrex", "Pair": "BTC-XLM", "Kind": "Arbitrage", "Type": "sell", "OrderID": "2a64d589-84ce-4fc6-9d87-270e19e95433", "Price": "0.0000321", "Qty": "309.000", "Timestamp": 1536770063.5818572, "Expires": 1536770217.5818572}
{"Exchange": "cex", "Pair": "XLM/BTC", "Kind": "Arbitrage", "Type": "buy", "OrderID": "7087810267", "Price": "0.00003200", "Qty": "309", "Timestamp": 1536770064.0340831, "Expires": 0}
{"Exchange": "bittrex", "Pair": "BTC-XLM", "Kind": "Arbitrage", "Type": "sell", "OrderID": "1c3aaf94-5015-420e-b44b-dbfc87a3a30a", "Price": "0.0000321", "Qty": "168.63478297", "Timestamp": 1536770064.5796528, "Expires": 1536770334.5796528}
{"Exchange": "cex", "Pair": "XLM/BTC", "Kind": "Arbitrage", "Type": "buy", "OrderID": "7087810321", "Price": "0.00003200", "Qty": "168", "Timestamp": 1536770064.7501433, "Expires": 0}
{"Exchange": "bittrex", "Pair": "BTC-DASH", "Kind": "Arbitrage", "Type": "sell", "OrderID": "292fe624-4e67-4f5b-a602-906e67f78bf0", "Price": "0.027941", "Qty": "0.113", "Timestamp": 1536770787.173696, "Expires": 1536770995.173696}
{"Exchange": "cex", "Pair": "DASH/BTC", "Kind": "Arbitrage", "Type": "buy", "OrderID": "7087870083", "Price": "0.027696", "Qty": "0.113", "Timestamp": 1536770787.3796318, "Expires": 0}
{"Exchange": "bittrex", "Pair": "BTC-DASH", "Kind": "Arbitrage", "Type": "sell", "OrderID": "78ff546d-0be6-4406-b7dc-36318ab46e46", "Price": "0.027941", "Qty": "0.113", "Timestamp": 1536771030.4005835, "Expires": 1536771190.4005835}
{"Exchange": "cex", "Pair": "DASH/BTC", "Kind": "Arbitrage", "Type": "buy", "OrderID": "7087894228", "Price": "0.027693", "Qty": "0.113", "Timestamp": 1536771030.5982475, "Expires": 0}
{"Exchange": "bittrex", "Pair": "BTC-DASH", "Kind": "Arbitrage", "Type": "sell", "OrderID": "5fb06ec2-0b88-4214-82d3-aae61109f154", "Price": "0.027941", "Qty": "0.113", "Timestamp": 1536771223.635543, "Expires": 1536771415.635543}
{"Exchange": "cex", "Pair": "DASH/BTC", "Kind": "Arbitrage", "Type": "buy", "OrderID": "7087912496", "Price": "0.027682", "Qty": "0.113", "Timestamp": 1536771224.2061274, "Expires": 0}
{"Exchange": "bittrex", "Pair": "BTC-DASH", "Kind": "Arbitrage", "Type": "sell", "OrderID": "dbd8d09f-d627-49ee-ad3b-5e72313316bf", "Price": "0.027941", "Qty": "0.113", "Timestamp": 1536771465.4264772, "Expires": 1536771751.4264772}
{"Exchange": "cex", "Pair": "DASH/BTC", "Kind": "Arbitrage", "Type": "buy", "OrderID": "7087929750", "Price": "0.027684", "Qty": "0.113", "Timestamp": 1536771465.637254, "Expires": 0}
{"Exchange": "bittrex", "Pair": "BTC-DASH", "Kind": "Arbitrage", "Type": "sell", "OrderID": "e331be96-9aea-462a-80c4-3ec4b710837f", "Price": "0.027941", "Qty": "0.047", "Timestamp": 1536771794.7926931, "Expires": 1536772060.7926931}
{"Exchange": "cex", "Pair": "DASH/BTC", "Kind": "Arbitrage", "Type": "buy", "OrderID": "7087956735", "Price": "0.027684", "Qty": "0.047", "Timestamp": 1536771795.2314107, "Expires": 0}
{"Exchange": "bittrex", "Pair": "BTC-DASH", "Kind": "Arbitrage", "Type": "sell", "OrderID": "a0a825df-afac-41f0-8bb6-5d178a73778d", "Price": "0.027941", "Qty": "0.047", "Timestamp": 1536771795.7919698, "Expires": 1536772041.7919698}
{"Exchange": "cex", "Pair": "DASH/BTC", "Kind": "Arbitrage", "Type": "buy", "OrderID": "7087956835", "Price": "0.027684", "Qty": "0.047", "Timestamp": 1536771796.0461524, "Expires": 0}
{"Exchange": "bittrex", "Pair": "BTC-DASH", "Kind": "Arbitrage", "Type": "sell", "OrderID": "90994c3e-b4b2-4628-b07c-8c3b77041d05", "Price": "0.027941", "Qty": "0.046", "Timestamp": 1536772200.2132301, "Expires": 1536772426.2132301}
{"Exchange": "cex", "Pair": "DASH/BTC", "Kind": "Arbitrage", "Type": "buy", "OrderID": "7087995055", "Price": "0.027687", "Qty": "0.046", "Timestamp": 1536772200.4928095, "Expires": 0}
{"Exchange": "bittrex", "Pair": "BTC-DASH", "Kind": "Arbitrage", "Type": "sell", "OrderID": "642c5a46-64db-4da8-b9e3-f4ce32a25bc8", "Price": "0.027941", "Qty": "0.046", "Timestamp": 1536772201.21679, "Expires": 1536772470.21679}
{"Exchange": "cex", "Pair": "DASH/BTC", "Kind": "Arbitrage", "Type": "buy", "OrderID": "7087995216", "Price": "0.027688", "Qty": "0.046", "Timestamp": 1536772201.4611278, "Expires": 0}
{"Exchange": "bittrex", "Pair": "BTC-DASH", "Kind": "Arbitrage", "Type": "sell", "OrderID": "edfb4ffd-e966-42cf-9cb1-08402cb2d932", "Price": "0.027941", "Qty": "0.040", "Timestamp": 1536772469.0145931, "Expires": 1536772631.0145931}
{"Exchange": "cex", "Pair": "DASH/BTC", "Kind": "Arbitrage", "Type": "buy", "OrderID": "7088011386", "Price": "0.027687", "Qty": "0.040", "Timestamp": 1536772469.1806018, "Expires": 0}
{"Exchange": "bittrex", "Pair": "BTC-DASH", "Kind": "Arbitrage", "Type": "sell", "OrderID": "8033471a-a403-4df2-8b33-cbdfb854c338", "Price": "0.027941", "Qty": "0.040", "Timestamp": 1536772503.1875658, "Expires": 1536772792.1875658}
{"Exchange": "cex", "Pair": "DASH/BTC", "Kind": "Arbitrage", "Type": "buy", "OrderID": "7088013614", "Price": "0.027688", "Qty": "0.040", "Timestamp": 1536772503.5113738, "Expires": 0}
{"Exchange": "bittrex", "Pair": "BTC-DASH", "Kind": "Arbitrage", "Type": "sell", "OrderID": "2b891660-c271-4925-a3fc-85aa3c2f3049", "Price": "0.027941", "Qty": "0.039", "Timestamp": 1536772665.3952014, "Expires": 1536772957.3952014}
{"Exchange": "cex", "Pair": "DASH/BTC", "Kind": "Arbitrage", "Type": "buy", "OrderID": "7088027658", "Price": "0.027687", "Qty": "0.039", "Timestamp": 1536772665.8654487, "Expires": 0}
{"Exchange": "bittrex", "Pair": "BTC-DASH", "Kind": "Arbitrage", "Type": "sell", "OrderID": "98949621-c4fb-47a8-92e0-35264a76b770", "Price": "0.027941", "Qty": "0.074", "Timestamp": 1536772831.3702407, "Expires": 1536773094.3702407}
{"Exchange": "cex", "Pair": "DASH/BTC", "Kind": "Arbitrage", "Type": "buy", "OrderID": "7088041927", "Price": "0.027687", "Qty": "0.074", "Timestamp": 1536772831.6023324, "Expires": 0}
{"Exchange": "bittrex", "Pair": "BTC-DASH", "Kind": "Arbitrage", "Type": "sell", "OrderID": "298a709a-8730-4a21-b3f9-b3ab3022b3ac", "Price": "0.027941", "Qty": "0.039", "Timestamp": 1536772994.6391573, "Expires": 1536773290.6391573}
{"Exchange": "cex", "Pair": "DASH/BTC", "Kind": "Arbitrage", "Type": "buy", "OrderID": "7088051802", "Price": "0.027687", "Qty": "0.039", "Timestamp": 1536772995.0995233, "Expires": 0}
{"Exchange": "bittrex", "Pair": "BTC-DASH", "Kind": "Arbitrage", "Type": "sell", "OrderID": "7b8bff5e-dbe0-4534-b50e-875484c2ed00", "Price": "0.027941", "Qty": "0.074", "Timestamp": 1536773134.9881852, "Expires": 1536773390.9881852}
{"Exchange": "cex", "Pair": "DASH/BTC", "Kind": "Arbitrage", "Type": "buy", "OrderID": "7088059843", "Price": "0.027687", "Qty": "0.074", "Timestamp": 1536773135.5361216, "Expires": 0}
{"Exchange": "bittrex", "Pair": "BTC-DASH", "Kind": "Arbitrage", "Type": "sell", "OrderID": "c8a6b203-a4dd-40b0-9f00-1a95d6be8168", "Price": "0.027941", "Qty": "0.039", "Timestamp": 1536773336.820317, "Expires": 1536773524.820317}
{"Exchange": "cex", "Pair": "DASH/BTC", "Kind": "Arbitrage", "Type": "buy", "OrderID": "7088075881", "Price": "0.027688", "Qty": "0.039", "Timestamp": 1536773337.0075567, "Expires": 0}
{"Exchange": "cex", "Pair": "XLM/BTC", "Kind": "Arbitrage", "Type": "sell", "OrderID": "7088192454", "Price": "0.00003240", "Qty": "271", "Timestamp": 1536774689.0637274, "Expires": 1536774854.0637274}
{"Exchange": "bittrex", "Pair": "BTC-XLM", "Kind": "Arbitrage", "Type": "buy", "OrderID": "f1239aa2-94ab-4c9e-b28e-e6d5e908e9ee", "Price": "0.0000322", "Qty": "271.868", "Timestamp": 1536774689.3048663, "Expires": 0}
{"Exchange": "bittrex", "Pair": "BTC-XLM", "Kind": "Arbitrage", "Type": "sell", "OrderID": "3b36ad0e-1658-448e-ae30-07b0012e3694", "Price": "0.0000327", "Qty": "271.868", "Timestamp": 1536776686.000607, "Expires": 1536776939.000607}
{"Exchange": "cex", "Pair": "XLM/BTC", "Kind": "Arbitrage", "Type": "buy", "OrderID": "7088353237", "Price": "0.00003250", "Qty": "271", "Timestamp": 1536776686.3866596, "Expires": 0}
{"Exchange": "bittrex", "Pair": "BTC-ETH", "Kind": "Arbitrage", "Type": "sell", "OrderID": "9817428a-0828-40ed-98f0-1914765ba73d", "Price": "0.027992", "Qty": "3.67046984", "Timestamp": 1536777663.7828717, "Expires": 1536777958.7828717}
{"Exchange": "cex", "Pair": "ETH/BTC", "Kind": "Arbitrage", "Type": "buy", "OrderID": "7088441074", "Price": "0.027798", "Qty": "3.670", "Timestamp": 1536777664.015263, "Expires": 0}
{"Exchange": "bittrex", "Pair": "BTC-XRP", "Kind": "Arbitrage", "Type": "sell", "OrderID": "88178ee3-8716-4198-8c69-a2275b8dcf95", "Price": "0.00004319", "Qty": "40", "Timestamp": 1536778118.607967, "Expires": 1536778362.607967}
{"Exchange": "cex", "Pair": "XRP/BTC", "Kind": "Arbitrage", "Type": "buy", "OrderID": "7088497864", "Price": "0.00004298", "Qty": "40", "Timestamp": 1536778118.8648953, "Expires": 0}
{"Exchange": "cex", "Pair": "DASH/BTC", "Kind": "Arbitrage", "Type": "sell", "OrderID": "7088531876", "Price": "0.028308", "Qty": "0.153", "Timestamp": 1536778455.883386, "Expires": 1536778744.883386}
{"Exchange": "bittrex", "Pair": "BTC-DASH", "Kind": "Arbitrage", "Type": "buy", "OrderID": "e808e135-e2fe-4ce8-b3fb-e93f55ee2a0f", "Price": "0.028182", "Qty": "0.153", "Timestamp": 1536778456.0226362, "Expires": 0}
{"Exchange": "cex", "Pair": "DASH/BTC", "Kind": "Arbitrage", "Type": "sell", "OrderID": "7088532846", "Price": "0.028309", "Qty": "0.153", "Timestamp": 1536778467.8363304, "Expires": 1536778682.8363304}
{"Exchange": "bittrex", "Pair": "BTC-DASH", "Kind": "Arbitrage", "Type": "buy", "OrderID": "c649b6e7-e675-484f-b01f-59e78fd8308f", "Price": "0.028182", "Qty": "0.153", "Timestamp": 1536778467.995093, "Expires": 0}
{"Exchange": "cex", "Pair": "DASH/BTC", "Kind": "Arbitrage", "Type": "sell", "OrderID": "7088532920", "Price": "0.028309", "Qty": "0.153", "Timestamp": 1536778468.6726182, "Expires": 1536778692.6726182}
{"Exchange": "bittrex", "Pair": "BTC-DASH", "Kind": "Arbitrage", "Type": "buy", "OrderID": "5a71f111-99aa-4d37-a0b7-86981493ef14", "Price": "0.028182", "Qty": "0.153", "Timestamp": 1536778468.844784, "Expires": 0}
{"Exchange": "cex", "Pair": "DASH/BTC", "Kind": "Arbitrage", "Type": "sell", "OrderID": "7088533294", "Price": "0.028309", "Qty": "0.153", "Timestamp": 1536778472.90752, "Expires": 1536778743.90752}
{"Exchange": "bittrex", "Pair": "BTC-DASH", "Kind": "Arbitrage", "Type": "buy", "OrderID": "41d37a8d-100c-4413-8b82-2d5396475167", "Price": "0.028182", "Qty": "0.153", "Timestamp": 1536778473.0571175, "Expires": 0}
{"Exchange": "cex", "Pair": "DASH/BTC", "Kind": "Arbitrage", "Type": "sell", "OrderID": "7088533364", "Price": "0.028309", "Qty": "0.153", "Timestamp": 1536778473.6722791, "Expires": 1536778656.6722791}
{"Exchange": "bittrex", "Pair": "BTC-DASH", "Kind": "Arbitrage", "Type": "buy", "OrderID": "af731eb0-fab3-4430-87ab-f492faac83e6", "Price": "0.028182", "Qty": "0.153", "Timestamp": 1536778473.8359275, "Expires": 0}
{"Exchange": "cex", "Pair": "DASH/BTC", "Kind": "Arbitrage", "Type": "sell", "OrderID": "7088533504", "Price": "0.028309", "Qty": "0.088", "Timestamp": 1536778475.8364885, "Expires": 1536778665.8364885}
{"Exchange": "bittrex", "Pair": "BTC-DASH", "Kind": "Arbitrage", "Type": "buy", "OrderID": "ecfb6af3-dc60-42b4-b101-566b51db526b", "Price": "0.028182", "Qty": "0.088", "Timestamp": 1536778475.9946573, "Expires": 0}
{"Exchange": "cex", "Pair": "DASH/BTC", "Kind": "Arbitrage", "Type": "sell", "OrderID": "7088539511", "Price": "0.028439", "Qty": "0.153", "Timestamp": 1536778544.0138922, "Expires": 1536778743.0138922}
{"Exchange": "bittrex", "Pair": "BTC-DASH", "Kind": "Arbitrage", "Type": "buy", "OrderID": "578eaae0-fcff-44ae-adce-93939d80bbc2", "Price": "0.028182", "Qty": "0.153", "Timestamp": 1536778544.1678636, "Expires": 0}
{"Exchange": "cex", "Pair": "DASH/BTC", "Kind": "Arbitrage", "Type": "sell", "OrderID": "7088539593", "Price": "0.028439", "Qty": "0.153", "Timestamp": 1536778545.0312638, "Expires": 1536778797.0312638}
{"Exchange": "bittrex", "Pair": "BTC-DASH", "Kind": "Arbitrage", "Type": "buy", "OrderID": "cb16e1e3-1b6e-417c-aab5-ae5c37eb06ed", "Price": "0.028182", "Qty": "0.153", "Timestamp": 1536778545.1977215, "Expires": 0}
{"Exchange": "cex", "Pair": "DASH/BTC", "Kind": "Arbitrage", "Type": "sell", "OrderID": "7088539854", "Price": "0.028440", "Qty": "0.153", "Timestamp": 1536778548.4708304, "Expires": 1536778792.4708304}
{"Exchange": "bittrex", "Pair": "BTC-DASH", "Kind": "Arbitrage", "Type": "buy", "OrderID": "58da877a-da01-490a-b993-4b9f0a8f1c44", "Price": "0.028182", "Qty": "0.153", "Timestamp": 1536778548.6431766, "Expires": 0}
{"Exchange": "cex", "Pair": "DASH/BTC", "Kind": "Arbitrage", "Type": "sell", "OrderID": "7088539947", "Price": "0.028440", "Qty": "0.153", "Timestamp": 1536778549.4471247, "Expires": 1536778793.4471247}
{"Exchange": "bittrex", "Pair": "BTC-DASH", "Kind": "Arbitrage", "Type": "buy", "OrderID": "f494b2eb-a294-421d-aa41-5108ad49b39a", "Price": "0.028182", "Qty": "0.153", "Timestamp": 1536778549.5886264, "Expires": 0}
{"Exchange": "cex", "Pair": "DASH/BTC", "Kind": "Arbitrage", "Type": "sell", "OrderID": "7088542421", "Price": "0.028440", "Qty": "0.153", "Timestamp": 1536778570.2458801, "Expires": 1536778852.2458801}
{"Exchange": "bittrex", "Pair": "BTC-DASH", "Kind": "Arbitrage", "Type": "buy", "OrderID": "46675545-f7fe-4229-91cd-0a7c090f9c11", "Price": "0.028182", "Qty": "0.153", "Timestamp": 1536778570.395407, "Expires": 0}
{"Exchange": "cex", "Pair": "DASH/BTC", "Kind": "Arbitrage", "Type": "sell", "OrderID": "7088542585", "Price": "0.028440", "Qty": "0.153", "Timestamp": 1536778571.5793338, "Expires": 1536778833.5793338}
{"Exchange": "bittrex", "Pair": "BTC-DASH", "Kind": "Arbitrage", "Type": "buy", "OrderID": "64fc5b17-080c-426e-bebc-1515c238825b", "Price": "0.028182", "Qty": "0.153", "Timestamp": 1536778571.7353463, "Expires": 0}
{"Exchange": "cex", "Pair": "DASH/BTC", "Kind": "Arbitrage", "Type": "sell", "OrderID": "7088542937", "Price": "0.028440", "Qty": "0.086", "Timestamp": 1536778574.418078, "Expires": 1536778741.418078}
{"Exchange": "bittrex", "Pair": "BTC-DASH", "Kind": "Arbitrage", "Type": "buy", "OrderID": "28912243-f3bf-432c-8ba0-3477f02f84b9", "Price": "0.028182", "Qty": "0.086", "Timestamp": 1536778574.5639472, "Expires": 0}
{"Exchange": "cex", "Pair": "DASH/BTC", "Kind": "Arbitrage", "Type": "sell", "OrderID": "7088543931", "Price": "0.028442", "Qty": "0.153", "Timestamp": 1536778582.8677158, "Expires": 1536778780.8677158}
{"Exchange": "bittrex", "Pair": "BTC-DASH", "Kind": "Arbitrage", "Type": "buy", "OrderID": "6ce42d06-65f4-460a-9087-1771417d6172", "Price": "0.028182", "Qty": "0.153", "Timestamp": 1536778583.0057504, "Expires": 0}
{"Exchange": "cex", "Pair": "DASH/BTC", "Kind": "Arbitrage", "Type": "sell", "OrderID": "7088544040", "Price": "0.028442", "Qty": "0.153", "Timestamp": 1536778584.0252428, "Expires": 1536778771.0252428}
{"Exchange": "bittrex", "Pair": "BTC-DASH", "Kind": "Arbitrage", "Type": "buy", "OrderID": "58be659a-a6b8-4dc2-a0ee-091e630abaf1", "Price": "0.028182", "Qty": "0.153", "Timestamp": 1536778584.169882, "Expires": 0}
{"Exchange": "cex", "Pair": "DASH/BTC", "Kind": "Arbitrage", "Type": "sell", "OrderID": "7088546169", "Price": "0.028453", "Qty": "0.153", "Timestamp": 1536778600.2968047, "Expires": 1536778780.2968047}
{"Exchange": "bittrex", "Pair": "BTC-DASH", "Kind": "Arbitrage", "Type": "buy", "OrderID": "7c5f571c-61e9-486a-bd2c-3d49ed99c4bf", "Price": "0.028182", "Qty": "0.153", "Timestamp": 1536778600.4380696, "Expires": 0}
{"Exchange": "cex", "Pair": "DASH/BTC", "Kind": "Arbitrage", "Type": "sell", "OrderID": "7088546327", "Price": "0.028453", "Qty": "0.153", "Timestamp": 1536778601.3650036, "Expires": 1536778771.3650036}
{"Exchange": "bittrex", "Pair": "BTC-DASH", "Kind": "Arbitrage", "Type": "buy", "OrderID": "e04574dd-d388-4208-9c5c-7cc57b005577", "Price": "0.028182", "Qty": "0.153", "Timestamp": 1536778601.5070305, "Expires": 0}
{"Exchange": "cex", "Pair": "DASH/BTC", "Kind": "Arbitrage", "Type": "sell", "OrderID": "7088546761", "Price": "0.028453", "Qty": "0.153", "Timestamp": 1536778604.4769547, "Expires": 1536778787.4769547}
{"Exchange": "bittrex", "Pair": "BTC-DASH", "Kind": "Arbitrage", "Type": "buy", "OrderID": "698e7ef8-ce20-44ef-ad39-766595fc7334", "Price": "0.028182", "Qty": "0.153", "Timestamp": 1536778604.6362846, "Expires": 0}
{"Exchange": "cex", "Pair": "DASH/BTC", "Kind": "Arbitrage", "Type": "sell", "OrderID": "7088546918", "Price": "0.028453", "Qty": "0.153", "Timestamp": 1536778605.689861, "Expires": 1536778883.689861}
{"Exchange": "bittrex", "Pair": "BTC-DASH", "Kind": "Arbitrage", "Type": "buy", "OrderID": "55081e37-e762-4b8f-ad23-1f898668de79", "Price": "0.028182", "Qty": "0.153", "Timestamp": 1536778605.8444002, "Expires": 0}
{"Exchange": "cex", "Pair": "DASH/BTC", "Kind": "Arbitrage", "Type": "sell", "OrderID": "7088547649", "Price": "0.028453", "Qty": "0.086", "Timestamp": 1536778610.2365508, "Expires": 1536778836.2365508}
{"Exchange": "bittrex", "Pair": "BTC-DASH", "Kind": "Arbitrage", "Type": "buy", "OrderID": "f837449e-48cb-4a84-aaaa-3344faa652df", "Price": "0.028182", "Qty": "0.086", "Timestamp": 1536778610.382452, "Expires": 0}
{"Exchange": "cex", "Pair": "DASH/BTC", "Kind": "Arbitrage", "Type": "sell", "OrderID": "7088549848", "Price": "0.028455", "Qty": "0.153", "Timestamp": 1536778631.440327, "Expires": 1536778786.440327}
{"Exchange": "bittrex", "Pair": "BTC-DASH", "Kind": "Arbitrage", "Type": "buy", "OrderID": "16f6721a-f101-4aaf-aa89-b9a5287a47ec", "Price": "0.028182", "Qty": "0.153", "Timestamp": 1536778631.5896497, "Expires": 0}
{"Exchange": "cex", "Pair": "DASH/BTC", "Kind": "Arbitrage", "Type": "sell", "OrderID": "7088549987", "Price": "0.028455", "Qty": "0.153", "Timestamp": 1536778632.6465435, "Expires": 1536778923.6465435}
{"Exchange": "bittrex", "Pair": "BTC-DASH", "Kind": "Arbitrage", "Type": "buy", "OrderID": "cab60bbc-878c-4bd1-ae0f-f20aebfc3071", "Price": "0.028182", "Qty": "0.153", "Timestamp": 1536778632.7971723, "Expires": 0}
{"Exchange": "cex", "Pair": "DASH/BTC", "Kind": "Arbitrage", "Type": "sell", "OrderID": "7088551081", "Price": "0.028456", "Qty": "0.153", "Timestamp": 1536778639.1022286, "Expires": 1536778934.1022286}
{"Exchange": "bittrex", "Pair": "BTC-DASH", "Kind": "Arbitrage", "Type": "buy", "OrderID": "27aefff2-89ac-451f-b9ce-f4466b56f39c", "Price": "0.028182", "Qty": "0.153", "Timestamp": 1536778639.2558503, "Expires": 0}
{"Exchange": "cex", "Pair": "DASH/BTC", "Kind": "Arbitrage", "Type": "sell", "OrderID": "7088551329", "Price": "0.028456", "Qty": "0.153", "Timestamp": 1536778640.58063, "Expires": 1536778816.58063}
{"Exchange": "bittrex", "Pair": "BTC-DASH", "Kind": "Arbitrage", "Type": "buy", "OrderID": "e4de3c84-0372-4fbf-8719-ad79be4f3549", "Price": "0.028182", "Qty": "0.153", "Timestamp": 1536778640.7397199, "Expires": 0}
{"Exchange": "cex", "Pair": "DASH/BTC", "Kind": "Arbitrage", "Type": "sell", "OrderID": "7088551560", "Price": "0.028456", "Qty": "0.153", "Timestamp": 1536778642.5965145, "Expires": 1536778934.5965145}
{"Exchange": "bittrex", "Pair": "BTC-DASH", "Kind": "Arbitrage", "Type": "buy", "OrderID": "669024c3-542a-455e-9702-73daba8d0761", "Price": "0.028182", "Qty": "0.153", "Timestamp": 1536778642.7418637, "Expires": 0}
{"Exchange": "cex", "Pair": "DASH/BTC", "Kind": "Arbitrage", "Type": "sell", "OrderID": "7088551646", "Price": "0.028456", "Qty": "0.153", "Timestamp": 1536778643.2241676, "Expires": 1536778836.2241676}
{"Exchange": "bittrex", "Pair": "BTC-DASH", "Kind": "Arbitrage", "Type": "buy", "OrderID": "5f56c8b9-07ee-4daa-94cd-35d8fb0845a0", "Price": "0.028182", "Qty": "0.153", "Timestamp": 1536778643.3831503, "Expires": 0}
{"Exchange": "cex", "Pair": "DASH/BTC", "Kind": "Arbitrage", "Type": "sell", "OrderID": "7088551934", "Price": "0.028456", "Qty": "0.086", "Timestamp": 1536778646.433554, "Expires": 1536778881.433554}
{"Exchange": "bittrex", "Pair": "BTC-DASH", "Kind": "Arbitrage", "Type": "buy", "OrderID": "da311235-330d-41dd-8abf-22bb73033bf1", "Price": "0.028182", "Qty": "0.086", "Timestamp": 1536778646.5934358, "Expires": 0}
{"Exchange": "cex", "Pair": "DASH/BTC", "Kind": "Arbitrage", "Type": "sell", "OrderID": "7088561168", "Price": "0.028465", "Qty": "0.153", "Timestamp": 1536778756.623802, "Expires": 1536778945.623802}
{"Exchange": "bittrex", "Pair": "BTC-DASH", "Kind": "Arbitrage", "Type": "buy", "OrderID": "aefb58a0-b097-4423-80e0-9f1e760c56a2", "Price": "0.028182", "Qty": "0.153", "Timestamp": 1536778756.7959094, "Expires": 0}
{"Exchange": "cex", "Pair": "DASH/BTC", "Kind": "Arbitrage", "Type": "sell", "OrderID": "7088561259", "Price": "0.028465", "Qty": "0.153", "Timestamp": 1536778757.607292, "Expires": 1536778943.607292}
{"Exchange": "bittrex", "Pair": "BTC-DASH", "Kind": "Arbitrage", "Type": "buy", "OrderID": "3194fc52-5b57-49e0-b5d4-09d4a48d4e29", "Price": "0.028182", "Qty": "0.153", "Timestamp": 1536778757.7523518, "Expires": 0}
{"Exchange": "cex", "Pair": "DASH/BTC", "Kind": "Arbitrage", "Type": "sell", "OrderID": "7088562626", "Price": "0.028466", "Qty": "0.153", "Timestamp": 1536778770.6983063, "Expires": 1536779021.6983063}
{"Exchange": "bittrex", "Pair": "BTC-DASH", "Kind": "Arbitrage", "Type": "buy", "OrderID": "5a972ed5-7893-49b1-81cb-526d2f8f1b83", "Price": "0.028182", "Qty": "0.153", "Timestamp": 1536778770.858027, "Expires": 0}
{"Exchange": "cex", "Pair": "DASH/BTC", "Kind": "Arbitrage", "Type": "sell", "OrderID": "7088562716", "Price": "0.028466", "Qty": "0.153", "Timestamp": 1536778771.640471, "Expires": 1536778956.640471}
{"Exchange": "bittrex", "Pair": "BTC-DASH", "Kind": "Arbitrage", "Type": "buy", "OrderID": "6de3fe4d-b380-4c7b-8625-44f1c23980dd", "Price": "0.028182", "Qty": "0.153", "Timestamp": 1536778771.8022935, "Expires": 0}
{"Exchange": "cex", "Pair": "DASH/BTC", "Kind": "Arbitrage", "Type": "sell", "OrderID": "7088563057", "Price": "0.028466", "Qty": "0.153", "Timestamp": 1536778774.8330293, "Expires": 1536779026.8330293}
{"Exchange": "bittrex", "Pair": "BTC-DASH", "Kind": "Arbitrage", "Type": "buy", "OrderID": "702eb024-536b-4461-af0c-b5c92734b955", "Price": "0.028182", "Qty": "0.153", "Timestamp": 1536778774.9810982, "Expires": 0}
{"Exchange": "cex", "Pair": "DASH/BTC", "Kind": "Arbitrage", "Type": "sell", "OrderID": "7088563170", "Price": "0.028466", "Qty": "0.153", "Timestamp": 1536778775.8449419, "Expires": 1536778928.8449419}
{"Exchange": "bittrex", "Pair": "BTC-DASH", "Kind": "Arbitrage", "Type": "buy", "OrderID": "b18f4b57-be00-413f-a284-b97cf850aa29", "Price": "0.028182", "Qty": "0.153", "Timestamp": 1536778775.9951582, "Expires": 0}
{"Exchange": "cex", "Pair": "DASH/BTC", "Kind": "Arbitrage", "Type": "sell", "OrderID": "7088563610", "Price": "0.028466", "Qty": "0.086", "Timestamp": 1536778779.2788224, "Expires": 1536778965.2788224}
{"Exchange": "bittrex", "Pair": "BTC-DASH", "Kind": "Arbitrage", "Type": "buy", "OrderID": "bce2c543-cec8-4956-ab44-cbf4905ee557", "Price": "0.028182", "Qty": "0.086", "Timestamp": 1536778779.4313638, "Expires": 0}
{"Exchange": "cex", "Pair": "DASH/BTC", "Kind": "Arbitrage", "Type": "sell", "OrderID": "7088572506", "Price": "0.028475", "Qty": "0.10997631", "Timestamp": 1536778858.6529603, "Expires": 1536779070.6529603}
{"Exchange": "bittrex", "Pair": "BTC-DASH", "Kind": "Arbitrage", "Type": "buy", "OrderID": "bdc70933-7bb5-460f-9151-f359d4fffc22", "Price": "0.028182", "Qty": "0.109", "Timestamp": 1536778858.7896323, "Expires": 0}
{"Exchange": "cex", "Pair": "XLM/BTC", "Kind": "Arbitrage", "Type": "sell", "OrderID": "7088756860", "Price": "0.00003180", "Qty": "614", "Timestamp": 1536780845.5132828, "Expires": 1536781131.5132828}
{"Exchange": "bittrex", "Pair": "BTC-XLM", "Kind": "Arbitrage", "Type": "buy", "OrderID": "4d0df41c-3b15-49fa-8c3e-e8dd0278c74e", "Price": "0.0000316", "Qty": "614.000", "Timestamp": 1536780845.6756766, "Expires": 0}
{"Exchange": "bittrex", "Pair": "BTC-DASH", "Kind": "Arbitrage", "Type": "sell", "OrderID": "065f1cc8-e266-4c08-a96f-7d819c823a65", "Price": "0.029202", "Qty": "0.113", "Timestamp": 1536806272.2775302, "Expires": 1536806543.2775302}
{"Exchange": "cex", "Pair": "DASH/BTC", "Kind": "Arbitrage", "Type": "buy", "OrderID": "7090999235", "Price": "0.029082", "Qty": "0.113", "Timestamp": 1536806272.5049415, "Expires": 0}
{"Exchange": "bittrex", "Pair": "BTC-DASH", "Kind": "Arbitrage", "Type": "sell", "OrderID": "11d015fb-b657-41ed-bdbd-a39be56342c0", "Price": "0.029202", "Qty": "0.113", "Timestamp": 1536806575.4848037, "Expires": 1536806841.4848037}
{"Exchange": "cex", "Pair": "DASH/BTC", "Kind": "Arbitrage", "Type": "buy", "OrderID": "7091026401", "Price": "0.029058", "Qty": "0.113", "Timestamp": 1536806576.0296233, "Expires": 0}
{"Exchange": "bittrex", "Pair": "BTC-DASH", "Kind": "Arbitrage", "Type": "sell", "OrderID": "0ad2161b-362e-4aec-8a7d-a009cf4bc45b", "Price": "0.029202", "Qty": "0.113", "Timestamp": 1536806877.8848479, "Expires": 1536807169.8848479}
{"Exchange": "cex", "Pair": "DASH/BTC", "Kind": "Arbitrage", "Type": "buy", "OrderID": "7091048586", "Price": "0.028902", "Qty": "0.113", "Timestamp": 1536806878.1161563, "Expires": 0}
{"Exchange": "bittrex", "Pair": "BTC-DASH", "Kind": "Arbitrage", "Type": "sell", "OrderID": "0c6acf3d-459b-4107-b632-5da7f048502f", "Price": "0.029202", "Qty": "0.113", "Timestamp": 1536807211.3899498, "Expires": 1536807473.3899498}
{"Exchange": "cex", "Pair": "DASH/BTC", "Kind": "Arbitrage", "Type": "buy", "OrderID": "7091080072", "Price": "0.028837", "Qty": "0.113", "Timestamp": 1536807211.9614282, "Expires": 0}
{"Exchange": "bittrex", "Pair": "BTC-DASH", "Kind": "Arbitrage", "Type": "sell", "OrderID": "741abaf4-a6be-4e91-90cf-8d2346cbbbfb", "Price": "0.029202", "Qty": "0.113", "Timestamp": 1536807524.075348, "Expires": 1536807785.075348}
{"Exchange": "cex", "Pair": "DASH/BTC", "Kind": "Arbitrage", "Type": "buy", "OrderID": "7091104440", "Price": "0.028836", "Qty": "0.113", "Timestamp": 1536807524.2973735, "Expires": 0}
{"Exchange": "bittrex", "Pair": "BTC-DASH", "Kind": "Arbitrage", "Type": "sell", "OrderID": "a3717306-a540-47d3-8950-5271888711b7", "Price": "0.029202", "Qty": "0.113", "Timestamp": 1536807823.077728, "Expires": 1536808103.077728}
{"Exchange": "cex", "Pair": "DASH/BTC", "Kind": "Arbitrage", "Type": "buy", "OrderID": "7091134210", "Price": "0.029010", "Qty": "0.113", "Timestamp": 1536807823.332151, "Expires": 0}
{"Exchange": "bittrex", "Pair": "BTC-DASH", "Kind": "Arbitrage", "Type": "sell", "OrderID": "a2c4f181-0814-49b5-8442-f344a8421376", "Price": "0.029202", "Qty": "0.113", "Timestamp": 1536808138.6842945, "Expires": 1536808318.6842945}
{"Exchange": "cex", "Pair": "DASH/BTC", "Kind": "Arbitrage", "Type": "buy", "OrderID": "7091160238", "Price": "0.028931", "Qty": "0.113", "Timestamp": 1536808139.1886148, "Expires": 0}
{"Exchange": "bittrex", "Pair": "BTC-DASH", "Kind": "Arbitrage", "Type": "sell", "OrderID": "691b9f0b-2075-441f-af64-48a5729cd580", "Price": "0.029202", "Qty": "0.113", "Timestamp": 1536808350.9630108, "Expires": 1536808601.9630108}
{"Exchange": "cex", "Pair": "DASH/BTC", "Kind": "Arbitrage", "Type": "buy", "OrderID": "7091181765", "Price": "0.029003", "Qty": "0.113", "Timestamp": 1536808351.1890876, "Expires": 0}
{"Exchange": "bittrex", "Pair": "BTC-DASH", "Kind": "Arbitrage", "Type": "sell", "OrderID": "4d34809c-9aab-491f-b67f-65f0221c3fd2", "Price": "0.029202", "Qty": "0.113", "Timestamp": 1536808639.8670528, "Expires": 1536808858.8670528}
{"Exchange": "cex", "Pair": "DASH/BTC", "Kind": "Arbitrage", "Type": "buy", "OrderID": "7091202618", "Price": "0.028943", "Qty": "0.113", "Timestamp": 1536808640.14323, "Expires": 0}
{"Exchange": "bittrex", "Pair": "BTC-DASH", "Kind": "Arbitrage", "Type": "sell", "OrderID": "d99f07f7-b76a-4de2-b81c-85f095a1a82f", "Price": "0.029202", "Qty": "0.113", "Timestamp": 1536808892.260138, "Expires": 1536809180.260138}
{"Exchange": "cex", "Pair": "DASH/BTC", "Kind": "Arbitrage", "Type": "buy", "OrderID": "7091227895", "Price": "0.028896", "Qty": "0.113", "Timestamp": 1536808892.7254448, "Expires": 0}
{"Exchange": "bittrex", "Pair": "BTC-DASH", "Kind": "Arbitrage", "Type": "sell", "OrderID": "0fa1c19b-554a-4218-8ea3-48bd1a6eb5ae", "Price": "0.029202", "Qty": "0.113", "Timestamp": 1536809232.9176261, "Expires": 1536809511.9176261}
{"Exchange": "cex", "Pair": "DASH/BTC", "Kind": "Arbitrage", "Type": "buy", "OrderID": "7091249767", "Price": "0.028842", "Qty": "0.113", "Timestamp": 1536809233.1500542, "Expires": 0}
{"Exchange": "bittrex", "Pair": "BTC-DASH", "Kind": "Arbitrage", "Type": "sell", "OrderID": "ca2e4c6f-11f4-4f55-96df-da6979311f77", "Price": "0.029202", "Qty": "0.113", "Timestamp": 1536809554.0945282, "Expires": 1536809836.0945282}
{"Exchange": "bittrex", "Pair": "BTC-DASH", "Kind": "Arbitrage", "Type": "sell", "OrderID": "f31e5578-d9bb-4dae-a236-53f942599e2e", "Price": "0.029202", "Qty": "0.113", "Timestamp": 1536809876.475396, "Expires": 1536810091.475396}
{"Exchange": "cex", "Pair": "DASH/BTC", "Kind": "Arbitrage", "Type": "buy", "OrderID": "7091306824", "Price": "0.028985", "Qty": "0.113", "Timestamp": 1536809876.954296, "Expires": 0}
{"Exchange": "bittrex", "Pair": "BTC-DASH", "Kind": "Arbitrage", "Type": "sell", "OrderID": "17c29c9d-c52b-4303-9675-0f1a8f466a6a", "Price": "0.029202", "Qty": "0.113", "Timestamp": 1536810141.0611925, "Expires": 1536810417.0611925}
{"Exchange": "cex", "Pair": "DASH/BTC", "Kind": "Arbitrage", "Type": "buy", "OrderID": "7091333529", "Price": "0.028914", "Qty": "0.113", "Timestamp": 1536810141.6446152, "Expires": 0}
{"Exchange": "bittrex", "Pair": "BTC-DASH", "Kind": "Arbitrage", "Type": "sell", "OrderID": "6b3ce411-bab8-42bb-abff-3d2ced168a7e", "Price": "0.029202", "Qty": "0.113", "Timestamp": 1536810462.8736591, "Expires": 1536810721.8736591}
{"Exchange": "cex", "Pair": "DASH/BTC", "Kind": "Arbitrage", "Type": "buy", "OrderID": "7091355101", "Price": "0.028864", "Qty": "0.113", "Timestamp": 1536810463.0835302, "Expires": 0}
{"Exchange": "bittrex", "Pair": "BTC-DASH", "Kind": "Arbitrage", "Type": "sell", "OrderID": "0e3fad35-756c-4d7e-b527-6bf752e4d88c", "Price": "0.029202", "Qty": "0.113", "Timestamp": 1536810758.2831554, "Expires": 1536810997.2831554}
{"Exchange": "cex", "Pair": "DASH/BTC", "Kind": "Arbitrage", "Type": "buy", "OrderID": "7091383145", "Price": "0.028919", "Qty": "0.113", "Timestamp": 1536810758.936241, "Expires": 0}
{"Exchange": "bittrex", "Pair": "BTC-DASH", "Kind": "Arbitrage", "Type": "sell", "OrderID": "66136c11-d5da-48cc-aaed-15fc1147b978", "Price": "0.029202", "Qty": "0.113", "Timestamp": 1536811032.4633157, "Expires": 1536811313.4633157}
{"Exchange": "cex", "Pair": "DASH/BTC", "Kind": "Arbitrage", "Type": "buy", "OrderID": "7091400247", "Price": "0.028985", "Qty": "0.113", "Timestamp": 1536811032.6725886, "Expires": 0}
{"Exchange": "bittrex", "Pair": "BTC-DASH", "Kind": "Arbitrage", "Type": "sell", "OrderID": "ed8752ff-536c-47bf-bd2f-92eee999f47a", "Price": "0.029202", "Qty": "0.113", "Timestamp": 1536811366.8668072, "Expires": 1536811535.8668072}
{"Exchange": "cex", "Pair": "DASH/BTC", "Kind": "Arbitrage", "Type": "buy", "OrderID": "7091423804", "Price": "0.028921", "Qty": "0.113", "Timestamp": 1536811367.0949397, "Expires": 0}
{"Exchange": "bittrex", "Pair": "BTC-DASH", "Kind": "Arbitrage", "Type": "sell", "OrderID": "a3a64be5-4d2d-4ea0-ae50-cc0d2f27c60d", "Price": "0.029202", "Qty": "0.113", "Timestamp": 1536811581.6953561, "Expires": 1536811792.6953561}
{"Exchange": "cex", "Pair": "DASH/BTC", "Kind": "Arbitrage", "Type": "buy", "OrderID": "7091441823", "Price": "0.028924", "Qty": "0.113", "Timestamp": 1536811581.938024, "Expires": 0}
{"Exchange": "bittrex", "Pair": "BTC-DASH", "Kind": "Arbitrage", "Type": "sell", "OrderID": "cc551591-a6a4-416c-9e2c-e1282457be09", "Price": "0.029202", "Qty": "0.113", "Timestamp": 1536811844.4438577, "Expires": 1536812051.4438577}
{"Exchange": "cex", "Pair": "DASH/BTC", "Kind": "Arbitrage", "Type": "buy", "OrderID": "7091465140", "Price": "0.029011", "Qty": "0.113", "Timestamp": 1536811844.9040167, "Expires": 0}
{"Exchange": "bittrex", "Pair": "BTC-DASH", "Kind": "Arbitrage", "Type": "sell", "OrderID": "525ecb5b-2c57-41cd-8d9c-2de9b7fbdc95", "Price": "0.029202", "Qty": "0.113", "Timestamp": 1536812090.3054125, "Expires": 1536812342.3054125}
{"Exchange": "cex", "Pair": "DASH/BTC", "Kind": "Arbitrage", "Type": "buy", "OrderID": "7091488343", "Price": "0.029002", "Qty": "0.113", "Timestamp": 1536812090.7482445, "Expires": 0}
{"Exchange": "bittrex", "Pair": "BTC-DASH", "Kind": "Arbitrage", "Type": "sell", "OrderID": "a59cc1c2-b89c-4949-b344-0b04355f2a27", "Price": "0.029202", "Qty": "0.113", "Timestamp": 1536814524.6707408, "Expires": 1536814695.6707408}
{"Exchange": "cex", "Pair": "DASH/BTC", "Kind": "Arbitrage", "Type": "buy", "OrderID": "7091702202", "Price": "0.029079", "Qty": "0.113", "Timestamp": 1536814524.8884277, "Expires": 0}
{"Exchange": "bittrex", "Pair": "BTC-DASH", "Kind": "Arbitrage", "Type": "sell", "OrderID": "a10cff7b-344f-4c0c-b222-3e1844fa71d8", "Price": "0.029202", "Qty": "0.113", "Timestamp": 1536814733.68143, "Expires": 1536814945.68143}
{"Exchange": "cex", "Pair": "DASH/BTC", "Kind": "Arbitrage", "Type": "buy", "OrderID": "7091716145", "Price": "0.029050", "Qty": "0.113", "Timestamp": 1536814734.1902797, "Expires": 0}
{"Exchange": "bittrex", "Pair": "BTC-DASH", "Kind": "Arbitrage", "Type": "sell", "OrderID": "06868672-8a2d-4700-9597-14e504c52f0f", "Price": "0.029202", "Qty": "0.113", "Timestamp": 1536814980.6915243, "Expires": 1536815249.6915243}
{"Exchange": "cex", "Pair": "DASH/BTC", "Kind": "Arbitrage", "Type": "buy", "OrderID": "7091740340", "Price": "0.029020", "Qty": "0.113", "Timestamp": 1536814980.8940742, "Expires": 0}
{"Exchange": "bittrex", "Pair": "BTC-DASH", "Kind": "Arbitrage", "Type": "sell", "OrderID": "e3da5c2c-59ec-45a4-91d8-422bfa38ba86", "Price": "0.029202", "Qty": "0.113", "Timestamp": 1536815296.0713098, "Expires": 1536815533.0713098}
{"Exchange": "cex", "Pair": "DASH/BTC", "Kind": "Arbitrage", "Type": "buy", "OrderID": "7091766530", "Price": "0.029018", "Qty": "0.113", "Timestamp": 1536815296.2863116, "Expires": 0}
{"Exchange": "bittrex", "Pair": "BTC-DASH", "Kind": "Arbitrage", "Type": "sell", "OrderID": "93712d73-efd8-4da1-87a8-4159eef7d21c", "Price": "0.029202", "Qty": "0.113", "Timestamp": 1536815581.0661047, "Expires": 1536815834.0661047}
{"Exchange": "bittrex", "Pair": "BTC-DASH", "Kind": "Arbitrage", "Type": "sell", "OrderID": "30adb80c-abb4-4a45-a79e-eba897cf6044", "Price": "0.029202", "Qty": "0.113", "Timestamp": 1536815871.0719087, "Expires": 1536816109.0719087}
{"Exchange": "cex", "Pair": "DASH/BTC", "Kind": "Arbitrage", "Type": "buy", "OrderID": "7091815460", "Price": "0.028937", "Qty": "0.113", "Timestamp": 1536815871.5561142, "Expires": 0}
{"Exchange": "bittrex", "Pair": "BTC-DASH", "Kind": "Arbitrage", "Type": "sell", "OrderID": "5d1b1c05-6978-4ebb-ae51-c40239961a3e", "Price": "0.029202", "Qty": "0.113", "Timestamp": 1536816142.2684786, "Expires": 1536816336.2684786}
{"Exchange": "cex", "Pair": "DASH/BTC", "Kind": "Arbitrage", "Type": "buy", "OrderID": "7091839843", "Price": "0.028892", "Qty": "0.113", "Timestamp": 1536816142.5146542, "Expires": 0}
{"Exchange": "bittrex", "Pair": "BTC-DASH", "Kind": "Arbitrage", "Type": "sell", "OrderID": "603ce4bc-6c77-4ec2-b278-c7fb1a22321a", "Price": "0.029202", "Qty": "0.113", "Timestamp": 1536816384.8714213, "Expires": 1536816641.8714213}
{"Exchange": "cex", "Pair": "DASH/BTC", "Kind": "Arbitrage", "Type": "buy", "OrderID": "7091862156", "Price": "0.028885", "Qty": "0.113", "Timestamp": 1536816385.1040504, "Expires": 0}
{"Exchange": "bittrex", "Pair": "BTC-DASH", "Kind": "Arbitrage", "Type": "sell", "OrderID": "add57f43-cbb9-4c62-a082-25df529a5405", "Price": "0.029202", "Qty": "0.113", "Timestamp": 1536816693.4784987, "Expires": 1536816993.4784987}
{"Exchange": "cex", "Pair": "DASH/BTC", "Kind": "Arbitrage", "Type": "buy", "OrderID": "7091887302", "Price": "0.028863", "Qty": "0.113", "Timestamp": 1536816693.7183025, "Expires": 0}
{"Exchange": "bittrex", "Pair": "BTC-DASH", "Kind": "Arbitrage", "Type": "sell", "OrderID": "68036418-0d71-45cf-92d9-6a0851348e12", "Price": "0.029202", "Qty": "0.113", "Timestamp": 1536817040.5310194, "Expires": 1536817227.5310194}
{"Exchange": "cex", "Pair": "DASH/BTC", "Kind": "Arbitrage", "Type": "buy", "OrderID": "7091920572", "Price": "0.028858", "Qty": "0.113", "Timestamp": 1536817041.0819528, "Expires": 0}
{"Exchange": "bittrex", "Pair": "BTC-DASH", "Kind": "Arbitrage", "Type": "sell", "OrderID": "b5cc17e9-2fd1-4d09-b877-f37df7f7865f", "Price": "0.029202", "Qty": "0.113", "Timestamp": 1536817262.2027655, "Expires": 1536817506.2027655}
{"Exchange": "cex", "Pair": "DASH/BTC", "Kind": "Arbitrage", "Type": "buy", "OrderID": "7091940792", "Price": "0.028855", "Qty": "0.113", "Timestamp": 1536817262.4140484, "Expires": 0}
{"Exchange": "bittrex", "Pair": "BTC-DASH", "Kind": "Arbitrage", "Type": "sell", "OrderID": "4a6906c0-edf7-4d36-9d6f-bc3ad7e48647", "Price": "0.029202", "Qty": "0.113", "Timestamp": 1536817538.2768188, "Expires": 1536817751.2768188}
{"Exchange": "cex", "Pair": "DASH/BTC", "Kind": "Arbitrage", "Type": "buy", "OrderID": "7091967388", "Price": "0.028855", "Qty": "0.113", "Timestamp": 1536817538.4714944, "Expires": 0}
{"Exchange": "bittrex", "Pair": "BTC-DASH", "Kind": "Arbitrage", "Type": "sell", "OrderID": "b662d9a7-c04d-466b-a2b1-c6871d0cef0f", "Price": "0.029202", "Qty": "0.113", "Timestamp": 1536817785.9284227, "Expires": 1536818008.9284227}
{"Exchange": "cex", "Pair": "DASH/BTC", "Kind": "Arbitrage", "Type": "buy", "OrderID": "7091990377", "Price": "0.028839", "Qty": "0.113", "Timestamp": 1536817786.4032369, "Expires": 0}
{"Exchange": "bittrex", "Pair": "BTC-DASH", "Kind": "Arbitrage", "Type": "sell", "OrderID": "e2383bdc-c816-44ee-a42f-0db3eda952d1", "Price": "0.029202", "Qty": "0.113", "Timestamp": 1536818049.8599007, "Expires": 1536818236.8599007}
{"Exchange": "cex", "Pair": "DASH/BTC", "Kind": "Arbitrage", "Type": "buy", "OrderID": "7092017321", "Price": "0.028815", "Qty": "0.113", "Timestamp": 1536818050.059243, "Expires": 0}
{"Exchange": "bittrex", "Pair": "BTC-DASH", "Kind": "Arbitrage", "Type": "sell", "OrderID": "5fd37bdd-f635-41a6-8bd6-9072c462d135", "Price": "0.029202", "Qty": "0.113", "Timestamp": 1536818271.0875382, "Expires": 1536818423.0875382}
{"Exchange": "cex", "Pair": "DASH/BTC", "Kind": "Arbitrage", "Type": "buy", "OrderID": "7092032169", "Price": "0.028773", "Qty": "0.113", "Timestamp": 1536818271.5799422, "Expires": 0}
{"Exchange": "bittrex", "Pair": "BTC-DASH", "Kind": "Arbitrage", "Type": "sell", "OrderID": "d349d397-25c1-4e25-9181-f5cc8dd9979c", "Price": "0.029202", "Qty": "0.113", "Timestamp": 1536818467.6719785, "Expires": 1536818625.6719785}
{"Exchange": "cex", "Pair": "DASH/BTC", "Kind": "Arbitrage", "Type": "buy", "OrderID": "7092049812", "Price": "0.028677", "Qty": "0.113", "Timestamp": 1536818467.8734694, "Expires": 0}
{"Exchange": "bittrex", "Pair": "BTC-DASH", "Kind": "Arbitrage", "Type": "sell", "OrderID": "12da94cb-a1fb-4fc4-b943-124de7804d62", "Price": "0.029202", "Qty": "0.113", "Timestamp": 1536818679.2518132, "Expires": 1536818845.2518132}
{"Exchange": "cex", "Pair": "DASH/BTC", "Kind": "Arbitrage", "Type": "buy", "OrderID": "7092069993", "Price": "0.028645", "Qty": "0.113", "Timestamp": 1536818679.4708183, "Expires": 0}
{"Exchange": "bittrex", "Pair": "BTC-DASH", "Kind": "Arbitrage", "Type": "sell", "OrderID": "c80b00d7-574c-4e12-8f59-f649eed2046b", "Price": "0.029202", "Qty": "0.113", "Timestamp": 1536818895.31001, "Expires": 1536819050.31001}
{"Exchange": "cex", "Pair": "DASH/BTC", "Kind": "Arbitrage", "Type": "buy", "OrderID": "7092086503", "Price": "0.028613", "Qty": "0.113", "Timestamp": 1536818895.4598174, "Expires": 0}
{"Exchange": "bittrex", "Pair": "BTC-DASH", "Kind": "Arbitrage", "Type": "sell", "OrderID": "798dbbcb-3988-45b2-99f9-50521bba3580", "Price": "0.029202", "Qty": "0.113", "Timestamp": 1536819082.4853718, "Expires": 1536819350.4853718}
{"Exchange": "cex", "Pair": "DASH/BTC", "Kind": "Arbitrage", "Type": "buy", "OrderID": "7092106205", "Price": "0.028604", "Qty": "0.113", "Timestamp": 1536819082.743052, "Expires": 0}
{"Exchange": "bittrex", "Pair": "BTC-DASH", "Kind": "Arbitrage", "Type": "sell", "OrderID": "8d89994c-9ba7-488a-937a-41527ed27333", "Price": "0.029202", "Qty": "0.113", "Timestamp": 1536819385.8707354, "Expires": 1536819572.8707354}
{"Exchange": "cex", "Pair": "DASH/BTC", "Kind": "Arbitrage", "Type": "buy", "OrderID": "7092133893", "Price": "0.028612", "Qty": "0.113", "Timestamp": 1536819386.3134582, "Expires": 0}
{"Exchange": "bittrex", "Pair": "BTC-DASH", "Kind": "Arbitrage", "Type": "sell", "OrderID": "6401a807-d66d-4c2f-996c-26fd55055470", "Price": "0.029202", "Qty": "0.113", "Timestamp": 1536819620.0585806, "Expires": 1536819830.0585806}
{"Exchange": "cex", "Pair": "DASH/BTC", "Kind": "Arbitrage", "Type": "buy", "OrderID": "7092154284", "Price": "0.028609", "Qty": "0.113", "Timestamp": 1536819620.2234647, "Expires": 0}
{"Exchange": "bittrex", "Pair": "BTC-DASH", "Kind": "Arbitrage", "Type": "sell", "OrderID": "0c727535-7765-44ed-83ae-568423d67314", "Price": "0.029202", "Qty": "0.113", "Timestamp": 1536819874.2893505, "Expires": 1536820126.2893505}
{"Exchange": "cex", "Pair": "DASH/BTC", "Kind": "Arbitrage", "Type": "buy", "OrderID": "7092180497", "Price": "0.028606", "Qty": "0.113", "Timestamp": 1536819874.591287, "Expires": 0}
{"Exchange": "bittrex", "Pair": "BTC-DASH", "Kind": "Arbitrage", "Type": "sell", "OrderID": "1e6defbc-803b-434c-9e7e-a458e54a7451", "Price": "0.029202", "Qty": "0.113", "Timestamp": 1536820159.0722973, "Expires": 1536820433.0722973}
{"Exchange": "cex", "Pair": "DASH/BTC", "Kind": "Arbitrage", "Type": "buy", "OrderID": "7092202504", "Price": "0.028586", "Qty": "0.113", "Timestamp": 1536820159.2737017, "Expires": 0}
{"Exchange": "bittrex", "Pair": "BTC-DASH", "Kind": "Arbitrage", "Type": "sell", "OrderID": "e47b1ee7-8ffa-44c0-872b-048018fad1c7", "Price": "0.029202", "Qty": "0.113", "Timestamp": 1536820470.6642957, "Expires": 1536820686.6642957}
{"Exchange": "cex", "Pair": "DASH/BTC", "Kind": "Arbitrage", "Type": "buy", "OrderID": "7092231823", "Price": "0.028586", "Qty": "0.113", "Timestamp": 1536820470.8769577, "Expires": 0}
{"Exchange": "bittrex", "Pair": "BTC-DASH", "Kind": "Arbitrage", "Type": "sell", "OrderID": "40f1d882-b4f5-4f06-bc55-d9e3f4cc87bd", "Price": "0.029202", "Qty": "0.113", "Timestamp": 1536820720.9058259, "Expires": 1536821016.9058259}
{"Exchange": "cex", "Pair": "DASH/BTC", "Kind": "Arbitrage", "Type": "buy", "OrderID": "7092249351", "Price": "0.028572", "Qty": "0.113", "Timestamp": 1536820721.1068485, "Expires": 0}
{"Exchange": "bittrex", "Pair": "BTC-DASH", "Kind": "Arbitrage", "Type": "sell", "OrderID": "aad8b70e-7cd9-4e21-b7e5-94a0371f11e8", "Price": "0.029202", "Qty": "0.113", "Timestamp": 1536821052.5058906, "Expires": 1536821239.5058906}
{"Exchange": "cex", "Pair": "DASH/BTC", "Kind": "Arbitrage", "Type": "buy", "OrderID": "7092276968", "Price": "0.028573", "Qty": "0.113", "Timestamp": 1536821052.7104506, "Expires": 0}
{"Exchange": "bittrex", "Pair": "BTC-DASH", "Kind": "Arbitrage", "Type": "sell", "OrderID": "ca50e71c-a63c-4238-8fb9-574ab6c74b8f", "Price": "0.029202", "Qty": "0.113", "Timestamp": 1536821290.660786, "Expires": 1536821573.660786}
{"Exchange": "cex", "Pair": "DASH/BTC", "Kind": "Arbitrage", "Type": "buy", "OrderID": "7092293930", "Price": "0.028573", "Qty": "0.113", "Timestamp": 1536821290.9183533, "Expires": 0}
{"Exchange": "bittrex", "Pair": "BTC-DASH", "Kind": "Arbitrage", "Type": "sell", "OrderID": "addcb5be-5933-45ec-9700-6ae22a9bbdb8", "Price": "0.029202", "Qty": "0.113", "Timestamp": 1536821609.0768301, "Expires": 1536821897.0768301}
{"Exchange": "cex", "Pair": "DASH/BTC", "Kind": "Arbitrage", "Type": "buy", "OrderID": "7092315584", "Price": "0.028573", "Qty": "0.113", "Timestamp": 1536821609.5397947, "Expires": 0}
{"Exchange": "bittrex", "Pair": "BTC-DASH", "Kind": "Arbitrage", "Type": "sell", "OrderID": "6de2dc63-c23f-41eb-a42d-4a4b5d2d119d", "Price": "0.029202", "Qty": "0.113", "Timestamp": 1536821932.3269587, "Expires": 1536822149.3269587}
{"Exchange": "cex", "Pair": "DASH/BTC", "Kind": "Arbitrage", "Type": "buy", "OrderID": "7092340400", "Price": "0.028573", "Qty": "0.113", "Timestamp": 1536821932.81858, "Expires": 0}
{"Exchange": "bittrex", "Pair": "BTC-DASH", "Kind": "Arbitrage", "Type": "sell", "OrderID": "b174121f-e7a9-4b02-bfa0-0f5821955d83", "Price": "0.029202", "Qty": "0.113", "Timestamp": 1536822187.8671196, "Expires": 1536822429.8671196}
{"Exchange": "cex", "Pair": "DASH/BTC", "Kind": "Arbitrage", "Type": "buy", "OrderID": "7092370195", "Price": "0.028737", "Qty": "0.113", "Timestamp": 1536822188.3263023, "Expires": 0}
{"Exchange": "bittrex", "Pair": "BTC-DASH", "Kind": "Arbitrage", "Type": "sell", "OrderID": "c8d17e82-adcc-489c-bd3e-9bfc19ae23f2", "Price": "0.029202", "Qty": "0.113", "Timestamp": 1536822464.1096985, "Expires": 1536822667.1096985}
{"Exchange": "bittrex", "Pair": "BTC-DASH", "Kind": "Arbitrage", "Type": "sell", "OrderID": "06bdbbe9-d4b2-4eb1-a23b-822960bc59ca", "Price": "0.029202", "Qty": "0.113", "Timestamp": 1536822714.0986536, "Expires": 1536822986.0986536}
{"Exchange": "cex", "Pair": "DASH/BTC", "Kind": "Arbitrage", "Type": "buy", "OrderID": "7092413998", "Price": "0.028693", "Qty": "0.113", "Timestamp": 1536822714.3424208, "Expires": 0}
{"Exchange": "bittrex", "Pair": "BTC-DASH", "Kind": "Arbitrage", "Type": "sell", "OrderID": "343b78f5-9fd4-446c-8235-95e8bb1c480d", "Price": "0.029202", "Qty": "0.113", "Timestamp": 1536823021.657775, "Expires": 1536823219.657775}
{"Exchange": "cex", "Pair": "DASH/BTC", "Kind": "Arbitrage", "Type": "buy", "OrderID": "7092438127", "Price": "0.028826", "Qty": "0.113", "Timestamp": 1536823021.8582938, "Expires": 0}
{"Exchange": "bittrex", "Pair": "BTC-DASH", "Kind": "Arbitrage", "Type": "sell", "OrderID": "c4e209dd-1cf7-422a-8dfa-30df5f2ecc45", "Price": "0.029202", "Qty": "0.113", "Timestamp": 1536823272.048598, "Expires": 1536823502.048598}
{"Exchange": "cex", "Pair": "DASH/BTC", "Kind": "Arbitrage", "Type": "buy", "OrderID": "7092461098", "Price": "0.028822", "Qty": "0.113", "Timestamp": 1536823272.2508967, "Expires": 0}
{"Exchange": "bittrex", "Pair": "BTC-DASH", "Kind": "Arbitrage", "Type": "sell", "OrderID": "4c69e3e0-dd6e-4668-b093-8b166ec24d77", "Price": "0.029202", "Qty": "0.113", "Timestamp": 1536823552.6611664, "Expires": 1536823764.6611664}
{"Exchange": "cex", "Pair": "DASH/BTC", "Kind": "Arbitrage", "Type": "buy", "OrderID": "7092484419", "Price": "0.028778", "Qty": "0.113", "Timestamp": 1536823552.8835058, "Expires": 0}
{"Exchange": "bittrex", "Pair": "BTC-DASH", "Kind": "Arbitrage", "Type": "sell", "OrderID": "a01b7363-3ba5-4e08-a9ae-86491624a04f", "Price": "0.029202", "Qty": "0.113", "Timestamp": 1536823799.0759678, "Expires": 1536823970.0759678}
{"Exchange": "cex", "Pair": "DASH/BTC", "Kind": "Arbitrage", "Type": "buy", "OrderID": "7092503110", "Price": "0.028778", "Qty": "0.113", "Timestamp": 1536823799.262314, "Expires": 0}
{"Exchange": "bittrex", "Pair": "BTC-DASH", "Kind": "Arbitrage", "Type": "sell", "OrderID": "8e3786b6-9720-4a47-879b-aaf602c56154", "Price": "0.029202", "Qty": "0.113", "Timestamp": 1536824012.1085956, "Expires": 1536824213.1085956}
{"Exchange": "cex", "Pair": "DASH/BTC", "Kind": "Arbitrage", "Type": "buy", "OrderID": "7092520874", "Price": "0.028722", "Qty": "0.113", "Timestamp": 1536824012.5500894, "Expires": 0}
{"Exchange": "bittrex", "Pair": "BTC-DASH", "Kind": "Arbitrage", "Type": "sell", "OrderID": "e347ff3e-c48a-4266-ac66-67157ea2faea", "Price": "0.029202", "Qty": "0.113", "Timestamp": 1536824250.8819325, "Expires": 1536824473.8819325}
{"Exchange": "cex", "Pair": "DASH/BTC", "Kind": "Arbitrage", "Type": "buy", "OrderID": "7092538338", "Price": "0.028704", "Qty": "0.113", "Timestamp": 1536824251.0848248, "Expires": 0}
{"Exchange": "bittrex", "Pair": "BTC-DASH", "Kind": "Arbitrage", "Type": "sell", "OrderID": "b9928a9b-9651-4d74-8646-e83605414270", "Price": "0.029202", "Qty": "0.113", "Timestamp": 1536824510.0591986, "Expires": 1536824686.0591986}
{"Exchange": "cex", "Pair": "DASH/BTC", "Kind": "Arbitrage", "Type": "buy", "OrderID": "7092558156", "Price": "0.028681", "Qty": "0.113", "Timestamp": 1536824510.607627, "Expires": 0}
{"Exchange": "bittrex", "Pair": "BTC-DASH", "Kind": "Arbitrage", "Type": "sell", "OrderID": "6cda70dd-41b8-4ca0-84fd-bbee6caa1ea5", "Price": "0.029202", "Qty": "0.113", "Timestamp": 1536824717.8653016, "Expires": 1536824873.8653016}
{"Exchange": "cex", "Pair": "DASH/BTC", "Kind": "Arbitrage", "Type": "buy", "OrderID": "7092573150", "Price": "0.028684", "Qty": "0.113", "Timestamp": 1536824718.3409894, "Expires": 0}
{"Exchange": "bittrex", "Pair": "BTC-DASH", "Kind": "Arbitrage", "Type": "sell", "OrderID": "f10da821-c650-484a-b9fd-706c5f833b90", "Price": "0.029202", "Qty": "0.113", "Timestamp": 1536824914.2780836, "Expires": 1536825106.2780836}
{"Exchange": "cex", "Pair": "DASH/BTC", "Kind": "Arbitrage", "Type": "buy", "OrderID": "7092584030", "Price": "0.028774", "Qty": "0.113", "Timestamp": 1536824914.5288572, "Expires": 0}
{"Exchange": "bittrex", "Pair": "BTC-DASH", "Kind": "Arbitrage", "Type": "sell", "OrderID": "89424f31-875c-4c78-b8f4-dec1e350e42d", "Price": "0.029202", "Qty": "0.113", "Timestamp": 1536825157.4844599, "Expires": 1536825414.4844599}
{"Exchange": "cex", "Pair": "DASH/BTC", "Kind": "Arbitrage", "Type": "buy", "OrderID": "7092600873", "Price": "0.028758", "Qty": "0.113", "Timestamp": 1536825157.740688, "Expires": 0}
{"Exchange": "bittrex", "Pair": "BTC-DASH", "Kind": "Arbitrage", "Type": "sell", "OrderID": "e2366e0f-e865-4653-8285-ff3273fe1afd", "Price": "0.029202", "Qty": "0.113", "Timestamp": 1536825450.467561, "Expires": 1536825606.467561}
{"Exchange": "cex", "Pair": "DASH/BTC", "Kind": "Arbitrage", "Type": "buy", "OrderID": "7092618548", "Price": "0.028758", "Qty": "0.113", "Timestamp": 1536825451.0266132, "Expires": 0}
{"Exchange": "bittrex", "Pair": "BTC-DASH", "Kind": "Arbitrage", "Type": "sell", "OrderID": "0f7dca44-e6b4-44e3-9b08-df625dd8d6ab", "Price": "0.029202", "Qty": "0.113", "Timestamp": 1536825659.0688236, "Expires": 1536825891.0688236}
{"Exchange": "cex", "Pair": "DASH/BTC", "Kind": "Arbitrage", "Type": "buy", "OrderID": "7092634363", "Price": "0.028608", "Qty": "0.113", "Timestamp": 1536825659.3589752, "Expires": 0}
{"Exchange": "bittrex", "Pair": "BTC-DASH", "Kind": "Arbitrage", "Type": "sell", "OrderID": "03b50294-058d-4ed5-b34f-1d5df0f442d1", "Price": "0.029202", "Qty": "0.113", "Timestamp": 1536825935.6677415, "Expires": 1536826214.6677415}
{"Exchange": "cex", "Pair": "DASH/BTC", "Kind": "Arbitrage", "Type": "buy", "OrderID": "7092655860", "Price": "0.028736", "Qty": "0.113", "Timestamp": 1536825935.8742442, "Expires": 0}
{"Exchange": "bittrex", "Pair": "BTC-DASH", "Kind": "Arbitrage", "Type": "sell", "OrderID": "a3f94371-0c79-4613-be8b-5929c11b8891", "Price": "0.029202", "Qty": "0.113", "Timestamp": 1536826258.68039, "Expires": 1536826437.68039}
{"Exchange": "cex", "Pair": "DASH/BTC", "Kind": "Arbitrage", "Type": "buy", "OrderID": "7092677623", "Price": "0.028638", "Qty": "0.113", "Timestamp": 1536826258.8767653, "Expires": 0}
{"Exchange": "bittrex", "Pair": "BTC-DASH", "Kind": "Arbitrage", "Type": "sell", "OrderID": "aac6aaaf-9b55-4e5e-bd29-b4e33e809a95", "Price": "0.029202", "Qty": "0.113", "Timestamp": 1536826475.0559437, "Expires": 1536826731.0559437}
{"Exchange": "cex", "Pair": "DASH/BTC", "Kind": "Arbitrage", "Type": "buy", "OrderID": "7092693999", "Price": "0.028670", "Qty": "0.113", "Timestamp": 1536826475.523985, "Expires": 0}
{"Exchange": "bittrex", "Pair": "BTC-DASH", "Kind": "Arbitrage", "Type": "sell", "OrderID": "f6597765-61dc-491a-9ec8-410f06413496", "Price": "0.029202", "Qty": "0.113", "Timestamp": 1536826766.4845552, "Expires": 1536827012.4845552}
{"Exchange": "cex", "Pair": "DASH/BTC", "Kind": "Arbitrage", "Type": "buy", "OrderID": "7092715162", "Price": "0.028658", "Qty": "0.113", "Timestamp": 1536826766.9306383, "Expires": 0}
{"Exchange": "bittrex", "Pair": "BTC-DASH", "Kind": "Arbitrage", "Type": "sell", "OrderID": "4cb8c5b6-f2eb-4d2f-82ed-b8d2d0724b76", "Price": "0.029202", "Qty": "0.113", "Timestamp": 1536827055.0701315, "Expires": 1536827233.0701315}
{"Exchange": "cex", "Pair": "DASH/BTC", "Kind": "Arbitrage", "Type": "buy", "OrderID": "7092739677", "Price": "0.028657", "Qty": "0.113", "Timestamp": 1536827055.292852, "Expires": 0}
{"Exchange": "bittrex", "Pair": "BTC-DASH", "Kind": "Arbitrage", "Type": "sell", "OrderID": "05f72793-aaa5-4175-bbde-957616f9ccd2", "Price": "0.029202", "Qty": "0.113", "Timestamp": 1536827267.6925867, "Expires": 1536827497.6925867}
{"Exchange": "cex", "Pair": "DASH/BTC", "Kind": "Arbitrage", "Type": "buy", "OrderID": "7092753636", "Price": "0.028657", "Qty": "0.113", "Timestamp": 1536827267.9701824, "Expires": 0}
{"Exchange": "bittrex", "Pair": "BTC-DASH", "Kind": "Arbitrage", "Type": "sell", "OrderID": "76469459-0726-46d7-8c09-bd05f468ad41", "Price": "0.029202", "Qty": "0.113", "Timestamp": 1536827531.07802, "Expires": 1536827718.07802}
{"Exchange": "cex", "Pair": "DASH/BTC", "Kind": "Arbitrage", "Type": "buy", "OrderID": "7092772572", "Price": "0.028657", "Qty": "0.113", "Timestamp": 1536827531.2962556, "Expires": 0}
{"Exchange": "bittrex", "Pair": "BTC-DASH", "Kind": "Arbitrage", "Type": "sell", "OrderID": "7d58a1a5-3e41-4f28-9e3b-fc560b219149", "Price": "0.029202", "Qty": "0.113", "Timestamp": 1536827772.470467, "Expires": 1536828009.470467}
{"Exchange": "cex", "Pair": "DASH/BTC", "Kind": "Arbitrage", "Type": "buy", "OrderID": "7092792062", "Price": "0.028657", "Qty": "0.113", "Timestamp": 1536827772.7014382, "Expires": 0}
{"Exchange": "bittrex", "Pair": "BTC-DASH", "Kind": "Arbitrage", "Type": "sell", "OrderID": "0908ffaf-02eb-4f3d-8234-d09c8d2cb11b", "Price": "0.029202", "Qty": "0.113", "Timestamp": 1536828045.2842305, "Expires": 1536828311.2842305}
{"Exchange": "cex", "Pair": "DASH/BTC", "Kind": "Arbitrage", "Type": "buy", "OrderID": "7092812388", "Price": "0.028737", "Qty": "0.113", "Timestamp": 1536828045.8448477, "Expires": 0}
{"Exchange": "bittrex", "Pair": "BTC-DASH", "Kind": "Arbitrage", "Type": "sell", "OrderID": "f0c3aadf-66a3-4ee4-86fb-75dffdedbae9", "Price": "0.029202", "Qty": "0.113", "Timestamp": 1536828356.4696004, "Expires": 1536828558.4696004}
{"Exchange": "cex", "Pair": "DASH/BTC", "Kind": "Arbitrage", "Type": "buy", "OrderID": "7092846857", "Price": "0.029024", "Qty": "0.113", "Timestamp": 1536828356.7290509, "Expires": 0}
{"Exchange": "bittrex", "Pair": "BTC-DASH", "Kind": "Arbitrage", "Type": "sell", "OrderID": "bc648879-e4f2-46ca-92c3-49e40cf87311", "Price": "0.029202", "Qty": "0.113", "Timestamp": 1536828901.062193, "Expires": 1536829199.062193}
{"Exchange": "cex", "Pair": "DASH/BTC", "Kind": "Arbitrage", "Type": "buy", "OrderID": "7092891377", "Price": "0.029083", "Qty": "0.113", "Timestamp": 1536828901.56846, "Expires": 0}
{"Exchange": "bittrex", "Pair": "BTC-DASH", "Kind": "Arbitrage", "Type": "sell", "OrderID": "d3851dc6-d513-40b5-8f1f-73d0f3b43a19", "Price": "0.029202", "Qty": "0.113", "Timestamp": 1536829595.8824983, "Expires": 1536829786.8824983}
{"Exchange": "cex", "Pair": "DASH/BTC", "Kind": "Arbitrage", "Type": "buy", "OrderID": "7092960471", "Price": "0.029083", "Qty": "0.113", "Timestamp": 1536829596.1025963, "Expires": 0}
{"Exchange": "bittrex", "Pair": "BTC-DASH", "Kind": "Arbitrage", "Type": "sell", "OrderID": "020994c4-72a2-4d1b-a842-8892d21d40b2", "Price": "0.029202", "Qty": "0.113", "Timestamp": 1536829821.4531665, "Expires": 1536829983.4531665}
{"Exchange": "cex", "Pair": "DASH/BTC", "Kind": "Arbitrage", "Type": "buy", "OrderID": "7092980311", "Price": "0.029025", "Qty": "0.113", "Timestamp": 1536829821.6587229, "Expires": 0}
{"Exchange": "bittrex", "Pair": "BTC-DASH", "Kind": "Arbitrage", "Type": "sell", "OrderID": "e2f00115-962a-4f5e-b882-982b5ae0ee0b", "Price": "0.029202", "Qty": "0.113", "Timestamp": 1536830033.0658762, "Expires": 1536830197.0658762}
{"Exchange": "cex", "Pair": "DASH/BTC", "Kind": "Arbitrage", "Type": "buy", "OrderID": "7092998835", "Price": "0.029004", "Qty": "0.113", "Timestamp": 1536830033.2488756, "Expires": 0}
{"Exchange": "bittrex", "Pair": "BTC-DASH", "Kind": "Arbitrage", "Type": "sell", "OrderID": "dfe1aca4-4ef1-4725-897c-0082b17f7e7b", "Price": "0.029202", "Qty": "0.113", "Timestamp": 1536830245.2877028, "Expires": 1536830505.2877028}
{"Exchange": "cex", "Pair": "DASH/BTC", "Kind": "Arbitrage", "Type": "buy", "OrderID": "7093021709", "Price": "0.028947", "Qty": "0.113", "Timestamp": 1536830245.5196457, "Expires": 0}
{"Exchange": "cex", "Pair": "DASH/BTC", "Kind": "Arbitrage", "Type": "sell", "OrderID": "7093046956", "Price": "0.029121", "Qty": "0.163", "Timestamp": 1536830528.4934924, "Expires": 1536830726.4934924}
{"Exchange": "bittrex", "Pair": "BTC-DASH", "Kind": "Arbitrage", "Type": "buy", "OrderID": "68d8851e-bde5-4563-b7b7-d876de61958c", "Price": "0.028858", "Qty": "0.163", "Timestamp": 1536830528.6662984, "Expires": 0}
{"Exchange": "cex", "Pair": "DASH/BTC", "Kind": "Arbitrage", "Type": "sell", "OrderID": "7093047269", "Price": "0.029066", "Qty": "8.334", "Timestamp": 1536830530.7281003, "Expires": 1536830719.7281003}
{"Exchange": "cex", "Pair": "DASH/BTC", "Kind": "Arbitrage", "Type": "sell", "OrderID": "7093047692", "Price": "0.029066", "Qty": "0.204", "Timestamp": 1536830535.130124, "Expires": 1536830689.130124}
{"Exchange": "bittrex", "Pair": "BTC-DASH", "Kind": "Arbitrage", "Type": "buy", "OrderID": "d781bdec-bab1-482f-95d6-68a367bf6a80", "Price": "0.028858", "Qty": "0.204", "Timestamp": 1536830535.290994, "Expires": 0}
{"Exchange": "cex", "Pair": "XRP/BTC", "Kind": "Arbitrage", "Type": "sell", "OrderID": "7093672378", "Price": "0.00004240", "Qty": "158", "Timestamp": 1536837250.3112555, "Expires": 1536837430.3112555}
{"Exchange": "bittrex", "Pair": "BTC-XRP", "Kind": "Arbitrage", "Type": "buy", "OrderID": "a9cc73a2-d912-482a-82ab-6a30941721cc", "Price": "0.00004220", "Qty": "158", "Timestamp": 1536837250.5175993, "Expires": 0}
{"Exchange": "cex", "Pair": "XRP/BTC", "Kind": "Arbitrage", "Type": "sell", "OrderID": "7094361617", "Price": "0.00004286", "Qty": "1199", "Timestamp": 1536845800.7486646, "Expires": 1536846014.7486646}
{"Exchange": "bittrex", "Pair": "BTC-XRP", "Kind": "Arbitrage", "Type": "buy", "OrderID": "dfa743aa-fc26-4990-9dc4-7b369b6e3349", "Price": "0.00004267", "Qty": "1199", "Timestamp": 1536845800.9210312, "Expires": 0}
{"Exchange": "cex", "Pair": "XRP/BTC", "Kind": "Arbitrage", "Type": "sell", "OrderID": "7094362187", "Price": "0.00004286", "Qty": "151.0", "Timestamp": 1536845807.3184874, "Expires": 1536846064.3184874}
{"Exchange": "bittrex", "Pair": "BTC-XRP", "Kind": "Arbitrage", "Type": "buy", "OrderID": "e975df18-3b95-4876-866b-da2c32f4ca12", "Price": "0.00004267", "Qty": "151", "Timestamp": 1536845807.4703658, "Expires": 0}
{"Exchange": "bittrex", "Pair": "BTC-XRP", "Kind": "Arbitrage", "Type": "sell", "OrderID": "4ff664da-70e6-498c-8de7-d1130c2e1386", "Price": "0.00004368", "Qty": "260", "Timestamp": 1536857592.0614827, "Expires": 1536857755.0614827}
{"Exchange": "cex", "Pair": "XRP/BTC", "Kind": "Arbitrage", "Type": "buy", "OrderID": "7095452324", "Price": "0.00004339", "Qty": "260", "Timestamp": 1536857592.3792288, "Expires": 0}
{"Exchange": "cex", "Pair": "XRP/BTC", "Kind": "Arbitrage", "Type": "sell", "OrderID": "7095452430", "Price": "0.00004330", "Qty": "260.0", "Timestamp": 1536857594.293843, "Expires": 1536857755.293843}
{"Exchange": "bittrex", "Pair": "BTC-XRP", "Kind": "Arbitrage", "Type": "buy", "OrderID": "0da9c0b9-856c-49ad-8630-66ac255559da", "Price": "0.00004267", "Qty": "260", "Timestamp": 1536857594.441384, "Expires": 0}
{"Exchange": "cex", "Pair": "XLM/BTC", "Kind": "Arbitrage", "Type": "sell", "OrderID": "7095472299", "Price": "0.00003250", "Qty": "619", "Timestamp": 1536857826.7614172, "Expires": 1536858118.7614172}
{"Exchange": "bittrex", "Pair": "BTC-XLM", "Kind": "Arbitrage", "Type": "buy", "OrderID": "982eccb4-53fa-46a1-87b4-82e2fbc2247b", "Price": "0.0000323", "Qty": "619.003", "Timestamp": 1536857826.9151587, "Expires": 0}
{"Exchange": "cex", "Pair": "XLM/BTC", "Kind": "Arbitrage", "Type": "sell", "OrderID": "7095524423", "Price": "0.00003250", "Qty": "619", "Timestamp": 1536858353.1374304, "Expires": 1536858616.1374304}
{"Exchange": "bittrex", "Pair": "BTC-XLM", "Kind": "Arbitrage", "Type": "buy", "OrderID": "def6c204-1d75-46a9-aee4-7024175efc3b", "Price": "0.0000323", "Qty": "619.003", "Timestamp": 1536858353.276151, "Expires": 0}
{"Exchange": "cex", "Pair": "XLM/BTC", "Kind": "Arbitrage", "Type": "sell", "OrderID": "7095530445", "Price": "0.00003250", "Qty": "351", "Timestamp": 1536858417.3119905, "Expires": 1536858590.3119905}
{"Exchange": "bittrex", "Pair": "BTC-XLM", "Kind": "Arbitrage", "Type": "buy", "OrderID": "53844932-cf44-4b6e-9373-a4f35154060a", "Price": "0.0000323", "Qty": "351.000", "Timestamp": 1536858417.5225832, "Expires": 0}
{"Exchange": "cex", "Pair": "XLM/BTC", "Kind": "Arbitrage", "Type": "sell", "OrderID": "7096017492", "Price": "0.00003220", "Qty": "667", "Timestamp": 1536863731.519156, "Expires": 1536864013.519156}
{"Exchange": "bittrex", "Pair": "BTC-XLM", "Kind": "Arbitrage", "Type": "buy", "OrderID": "33c7fc04-0b65-402a-9baf-5452934bb329", "Price": "0.0000320", "Qty": "667.000", "Timestamp": 1536863731.6666782, "Expires": 0}
{"Exchange": "cex", "Pair": "XLM/BTC", "Kind": "Arbitrage", "Type": "sell", "OrderID": "7096293651", "Price": "0.00003170", "Qty": "572", "Timestamp": 1536867048.5333598, "Expires": 1536867322.5333598}
{"Exchange": "bittrex", "Pair": "BTC-XLM", "Kind": "Arbitrage", "Type": "buy", "OrderID": "1ff0d285-887e-41e6-b387-d23f1c386a5a", "Price": "0.0000315", "Qty": "572.000", "Timestamp": 1536867048.6746657, "Expires": 0}
{"Exchange": "cex", "Pair": "XLM/BTC", "Kind": "Arbitrage", "Type": "sell", "OrderID": "7096631327", "Price": "0.00003150", "Qty": "526", "Timestamp": 1536870430.800114, "Expires": 1536870658.800114}
{"Exchange": "bittrex", "Pair": "BTC-XLM", "Kind": "Arbitrage", "Type": "buy", "OrderID": "ba5fad7e-a18b-458a-a89e-ae525d86c42b", "Price": "0.0000313", "Qty": "526.000", "Timestamp": 1536870430.9513, "Expires": 0}
{"Exchange": "cex", "Pair": "XLM/BTC", "Kind": "Arbitrage", "Type": "sell", "OrderID": "7096934469", "Price": "0.00003190", "Qty": "178", "Timestamp": 1536873943.7681391, "Expires": 1536874223.7681391}
{"Exchange": "bittrex", "Pair": "BTC-XLM", "Kind": "Arbitrage", "Type": "buy", "OrderID": "daf5067a-9b37-443f-9390-fbfeb5ee0319", "Price": "0.0000317", "Qty": "178.000", "Timestamp": 1536873943.9521446, "Expires": 0}
{"Exchange": "cex", "Pair": "XLM/BTC", "Kind": "Arbitrage", "Type": "sell", "OrderID": "7096956999", "Price": "0.00003190", "Qty": "208", "Timestamp": 1536874223.9804132, "Expires": 1536874478.9804132}
{"Exchange": "bittrex", "Pair": "BTC-XLM", "Kind": "Arbitrage", "Type": "buy", "OrderID": "c92323de-27cf-4f0e-aada-03f9ebbda4e1", "Price": "0.0000317", "Qty": "208.000", "Timestamp": 1536874224.146761, "Expires": 0}
{"Exchange": "bittrex", "Pair": "BTC-XRP", "Kind": "Arbitrage", "Type": "sell", "OrderID": "8b6393b0-68b5-4d81-9017-574c0b12e115", "Price": "0.00004340", "Qty": "42", "Timestamp": 1536878489.3423615, "Expires": 1536878777.3423615}
{"Exchange": "bittrex", "Pair": "BTC-XRP", "Kind": "Arbitrage", "Type": "sell", "OrderID": "5a0d2a3f-7b7c-4bc9-ac29-a280baaec191", "Price": "0.00004340", "Qty": "42", "Timestamp": 1536878491.9331872, "Expires": 1536878713.9331872}
{"Exchange": "cex", "Pair": "XLM/BTC", "Kind": "Arbitrage", "Type": "sell", "OrderID": "7097439077", "Price": "0.00003210", "Qty": "125", "Timestamp": 1536879287.636909, "Expires": 1536879460.636909}
{"Exchange": "cex", "Pair": "XLM/BTC", "Kind": "Arbitrage", "Type": "sell", "OrderID": "7097439178", "Price": "0.00003210", "Qty": "125", "Timestamp": 1536879288.7119274, "Expires": 1536879441.7119274}
{"Exchange": "cex", "Pair": "XLM/BTC", "Kind": "Arbitrage", "Type": "sell", "OrderID": "7097446631", "Price": "0.00003210", "Qty": "126", "Timestamp": 1536879349.8812988, "Expires": 1536879587.8812988}
{"Exchange": "cex", "Pair": "XLM/BTC", "Kind": "Arbitrage", "Type": "sell", "OrderID": "7097446726", "Price": "0.00003210", "Qty": "85", "Timestamp": 1536879350.5379875, "Expires": 1536879544.5379875}
{"Exchange": "cex", "Pair": "XLM/BTC", "Kind": "Arbitrage", "Type": "sell", "OrderID": "7097451392", "Price": "0.00003200", "Qty": "126", "Timestamp": 1536879403.5687854, "Expires": 1536879642.5687854}
{"Exchange": "cex", "Pair": "XLM/BTC", "Kind": "Arbitrage", "Type": "sell", "OrderID": "7097452532", "Price": "0.00003200", "Qty": "77", "Timestamp": 1536879416.7646902, "Expires": 1536879654.7646902}
{"Exchange": "cex", "Pair": "XLM/BTC", "Kind": "Arbitrage", "Type": "sell", "OrderID": "7097452803", "Price": "0.00003200", "Qty": "77", "Timestamp": 1536879419.5753121, "Expires": 1536879571.5753121}
{"Exchange": "bittrex", "Pair": "BTC-XRP", "Kind": "Arbitrage", "Type": "sell", "OrderID": "554090ec-0e60-4076-b10b-d3ef96c4e3a0", "Price": "0.00004357", "Qty": "68", "Timestamp": 1536880678.111309, "Expires": 1536880884.111309}
{"Exchange": "cex", "Pair": "XRP/BTC", "Kind": "Arbitrage", "Type": "buy", "OrderID": "7097575058", "Price": "0.00004335", "Qty": "68", "Timestamp": 1536880678.5926287, "Expires": 0}
{"Exchange": "bittrex", "Pair": "BTC-XRP", "Kind": "Arbitrage", "Type": "sell", "OrderID": "6b9e6abf-3374-478e-9423-fb6ab37fcce4", "Price": "0.00004350", "Qty": "21", "Timestamp": 1536881738.1380148, "Expires": 1536881924.1380148}
{"Exchange": "bittrex", "Pair": "BTC-XRP", "Kind": "Arbitrage", "Type": "sell", "OrderID": "fe56fb88-9c00-4685-a6b5-964c42e0542f", "Price": "0.00004350", "Qty": "21", "Timestamp": 1536881741.10943, "Expires": 1536881996.10943}
{"Exchange": "bittrex", "Pair": "BTC-XRP", "Kind": "Arbitrage", "Type": "sell", "OrderID": "9c0e4d25-2bda-4801-8d6e-2d7fa4eceec1", "Price": "0.00004354", "Qty": "37", "Timestamp": 1536881868.1076345, "Expires": 1536882046.1076345}
{"Exchange": "bittrex", "Pair": "BTC-XRP", "Kind": "Arbitrage", "Type": "sell", "OrderID": "80bd38d1-ac8d-4782-b9f9-36e6fd1e9a18", "Price": "0.00004354", "Qty": "37", "Timestamp": 1536881869.7212262, "Expires": 1536882051.7212262}
{"Exchange": "bittrex", "Pair": "BTC-XRP", "Kind": "Arbitrage", "Type": "sell", "OrderID": "7f32e1ea-7b36-4f5b-9281-ed287ba9682c", "Price": "0.00004354", "Qty": "37", "Timestamp": 1536881872.9441774, "Expires": 1536882111.9441774}
{"Exchange": "bittrex", "Pair": "BTC-DASH", "Kind": "Arbitrage", "Type": "sell", "OrderID": "946d9da2-ee0a-47d8-98cc-9b0b235118f2", "Price": "0.030069", "Qty": "0.113", "Timestamp": 1536882249.3300548, "Expires": 1536882460.3300548}
{"Exchange": "bittrex", "Pair": "BTC-DASH", "Kind": "Arbitrage", "Type": "sell", "OrderID": "9b0495a9-8838-482b-91f7-82a9ed707f9d", "Price": "0.030069", "Qty": "0.113", "Timestamp": 1536882493.3769383, "Expires": 1536882776.3769383}
{"Exchange": "bittrex", "Pair": "BTC-XRP", "Kind": "Arbitrage", "Type": "sell", "OrderID": "249b8389-38fc-42ae-bc53-d9eb66a5dd52", "Price": "0.00004325", "Qty": "46", "Timestamp": 1536882560.3237584, "Expires": 1536882798.3237584}
{"Exchange": "bittrex", "Pair": "BTC-XRP", "Kind": "Arbitrage", "Type": "sell", "OrderID": "955e763f-4b2a-4596-9ae9-d6d3508ee2cd", "Price": "0.00004325", "Qty": "46", "Timestamp": 1536882561.3413956, "Expires": 1536882789.3413956}
{"Exchange": "cex", "Pair": "XLM/BTC", "Kind": "Arbitrage", "Type": "sell", "OrderID": "7097758692", "Price": "0.00003191", "Qty": "2797", "Timestamp": 1536882588.4011316, "Expires": 1536882750.4011316}
{"Exchange": "cex", "Pair": "XLM/BTC", "Kind": "Arbitrage", "Type": "sell", "OrderID": "7097758816", "Price": "0.00003191", "Qty": "793.0", "Timestamp": 1536882589.4992592, "Expires": 1536882799.4992592}
{"Exchange": "bittrex", "Pair": "BTC-DASH", "Kind": "Arbitrage", "Type": "sell", "OrderID": "8bc53b86-5ff6-4929-83cc-6dea108ccba5", "Price": "0.030069", "Qty": "0.113", "Timestamp": 1536882987.7259185, "Expires": 1536883280.7259185}
{"Exchange": "cex", "Pair": "DASH/BTC", "Kind": "Arbitrage", "Type": "buy", "OrderID": "7097794398", "Price": "0.029835", "Qty": "0.113", "Timestamp": 1536882988.165985, "Expires": 0}
{"Exchange": "bittrex", "Pair": "BTC-DASH", "Kind": "Arbitrage", "Type": "sell", "OrderID": "546b3e24-41bf-4655-859e-14dd0d63892f", "Price": "0.030069", "Qty": "0.047", "Timestamp": 1536883469.5226269, "Expires": 1536883648.5226269}
{"Exchange": "cex", "Pair": "DASH/BTC", "Kind": "Arbitrage", "Type": "buy", "OrderID": "7097838720", "Price": "0.029762", "Qty": "0.047", "Timestamp": 1536883469.729637, "Expires": 0}
{"Exchange": "bittrex", "Pair": "BTC-DASH", "Kind": "Arbitrage", "Type": "sell", "OrderID": "f98b5d1c-63d0-4781-8f6c-fd22325a2681", "Price": "0.030069", "Qty": "0.047", "Timestamp": 1536883682.7073045, "Expires": 1536883847.7073045}
{"Exchange": "bittrex", "Pair": "BTC-XRP", "Kind": "Arbitrage", "Type": "sell", "OrderID": "12714e4f-fab8-4f56-a14b-9fc14b5ce7c7", "Price": "0.00004329", "Qty": "710", "Timestamp": 1536883747.3275461, "Expires": 1536883985.3275461}
{"Exchange": "bittrex", "Pair": "BTC-XRP", "Kind": "Arbitrage", "Type": "sell", "OrderID": "da679426-3596-49df-9a68-09b7d7676c33", "Price": "0.00004329", "Qty": "710", "Timestamp": 1536883750.1034513, "Expires": 1536884036.1034513}
{"Exchange": "bittrex", "Pair": "BTC-XRP", "Kind": "Arbitrage", "Type": "sell", "OrderID": "7aba6ab5-73d7-4c30-be47-ba544f8afd44", "Price": "0.00004329", "Qty": "710", "Timestamp": 1536883753.3194356, "Expires": 1536883946.3194356}
{"Exchange": "bittrex", "Pair": "BTC-DASH", "Kind": "Arbitrage", "Type": "sell", "OrderID": "4d212cc2-5c77-494c-a8f2-06fc9a7646d9", "Price": "0.030069", "Qty": "0.047", "Timestamp": 1536884168.7361548, "Expires": 1536884451.7361548}
{"Exchange": "bittrex", "Pair": "BTC-DASH", "Kind": "Arbitrage", "Type": "sell", "OrderID": "03fbbfaf-64a8-4847-a817-a8db9b16597e", "Price": "0.030069", "Qty": "0.047", "Timestamp": 1536884486.9251416, "Expires": 1536884641.9251416}
{"Exchange": "bittrex", "Pair": "BTC-DASH", "Kind": "Arbitrage", "Type": "sell", "OrderID": "aa700021-5331-478e-b3d4-bd3694ac03a6", "Price": "0.030069", "Qty": "0.047", "Timestamp": 1536884686.5284371, "Expires": 1536884852.5284371}
{"Exchange": "cex", "Pair": "XRP/BTC", "Kind": "Arbitrage", "Type": "sell", "OrderID": "7097955984", "Price": "0.00004302", "Qty": "68.0", "Timestamp": 1536884761.5904524, "Expires": 1536885012.5904524}
{"Exchange": "cex", "Pair": "XLM/BTC", "Kind": "Arbitrage", "Type": "sell", "OrderID": "7097970648", "Price": "0.00003180", "Qty": "368", "Timestamp": 1536884925.5093448, "Expires": 1536885183.5093448}
{"Exchange": "bittrex", "Pair": "BTC-DASH", "Kind": "Arbitrage", "Type": "sell", "OrderID": "03d5397d-4173-4f46-9eec-c9aa4ec46c93", "Price": "0.030069", "Qty": "0.047", "Timestamp": 1536884925.904463, "Expires": 1536885186.904463}
{"Exchange": "bittrex", "Pair": "BTC-DASH", "Kind": "Arbitrage", "Type": "sell", "OrderID": "9b7f46be-fd36-4ee9-aae7-ed5151ab8409", "Price": "0.030069", "Qty": "0.047", "Timestamp": 1536885227.9337804, "Expires": 1536885496.9337804}
{"Exchange": "bittrex", "Pair": "BTC-DASH", "Kind": "Arbitrage", "Type": "sell", "OrderID": "6c9c9a65-13e8-4025-911f-cfb655bdd546", "Price": "0.030069", "Qty": "0.047", "Timestamp": 1536885553.1349068, "Expires": 1536885828.1349068}
{"Exchange": "bittrex", "Pair": "BTC-DASH", "Kind": "Arbitrage", "Type": "sell", "OrderID": "78de658e-b24a-4aaf-b44d-7d148346c7ec", "Price": "0.030069", "Qty": "0.047", "Timestamp": 1536885931.3291423, "Expires": 1536886158.3291423}
{"Exchange": "cex", "Pair": "DASH/BTC", "Kind": "Arbitrage", "Type": "buy", "OrderID": "7098064556", "Price": "0.029636", "Qty": "0.047", "Timestamp": 1536885931.5423625, "Expires": 0}
{"Exchange": "bittrex", "Pair": "BTC-DASH", "Kind": "Arbitrage", "Type": "sell", "OrderID": "40c297a1-fe22-4616-8b59-29cf7db8e442", "Price": "0.030069", "Qty": "0.047", "Timestamp": 1536886201.3271728, "Expires": 1536886408.3271728}
{"Exchange": "bittrex", "Pair": "BTC-DASH", "Kind": "Arbitrage", "Type": "sell", "OrderID": "0ad63da4-f3a4-492a-a842-ad8f21a870d5", "Price": "0.030069", "Qty": "0.047", "Timestamp": 1536886908.5211706, "Expires": 1536887182.5211706}
{"Exchange": "cex", "Pair": "DASH/BTC", "Kind": "Arbitrage", "Type": "buy", "OrderID": "7098147391", "Price": "0.029615", "Qty": "0.047", "Timestamp": 1536886908.684805, "Expires": 0}
{"Exchange": "bittrex", "Pair": "BTC-ETH", "Kind": "Arbitrage", "Type": "sell", "OrderID": "83de2ec0-3969-4511-84a4-0fb6037b6f18", "Price": "0.032695", "Qty": "0.058", "Timestamp": 1536887831.5192177, "Expires": 1536888047.5192177}
{"Exchange": "bittrex", "Pair": "BTC-ETH", "Kind": "Arbitrage", "Type": "sell", "OrderID": "da7c80e9-bf8d-42c8-9a16-4fdc70e69286", "Price": "0.032695", "Qty": "0.314", "Timestamp": 1536887959.8082545, "Expires": 1536888254.8082545}
{"Exchange": "bittrex", "Pair": "BTC-ETH", "Kind": "Arbitrage", "Type": "sell", "OrderID": "a62562c3-dced-42d2-be05-75121c297095", "Price": "0.032695", "Qty": "0.314", "Timestamp": 1536887960.7400148, "Expires": 1536888128.7400148}
{"Exchange": "bittrex", "Pair": "BTC-ETH", "Kind": "Arbitrage", "Type": "sell", "OrderID": "8382912c-3717-4525-be9d-b87dd8a47cc9", "Price": "0.032695", "Qty": "0.314", "Timestamp": 1536887961.7361789, "Expires": 1536888241.7361789}
{"Exchange": "bittrex", "Pair": "BTC-ETH", "Kind": "Arbitrage", "Type": "sell", "OrderID": "5ed7619d-bb47-40e5-a2ad-4ccdd60000a0", "Price": "0.032695", "Qty": "0.058", "Timestamp": 1536887963.7030642, "Expires": 1536888129.7030642}
{"Exchange": "bittrex", "Pair": "BTC-ETH", "Kind": "Arbitrage", "Type": "sell", "OrderID": "0495469f-6dc6-4a48-9bfd-65d8194dc7d5", "Price": "0.032695", "Qty": "0.058", "Timestamp": 1536888134.746144, "Expires": 1536888419.746144}
